=LDR  01861cam a2200457Ii 4500
=001  707445
=005  20220722180007.0
=008  950316s1907\\\\enk\\\\\\\\\\\000\0\eng\d
=035  \\$a(OCoLC)ocm06993951
=035  \\$a707445
=040  \\$aTYC$beng$cTYC$dOCLCQ$dAGL$dOCLCG$dOCLCQ$dOCLCF$dOCLCQ$dOCLCO$dOCLCQ$dTYC$dOCLCO$dDHA$dOCLCQ$dOCLCA$dOCLCQ$dOCLCO$dAGL
=016  7\$aCAT10931691$2DNAL
=029  1\$aDEBSZ$b333865715
=041  0\$aeng$aara
=043  \\$af-ua---
=070  0\$a208$bT34 Ed.3
=072  \0$aX000
=049  \\$aAGLL
=100  1\$aThimm, Carl A.$q(Carl Albert)
=245  10$aEgyptian self-taught (Arabic) :$bcontaining alphabet and pronunciation--vocabularies--elementary grammar--idiomatic phrases & conversations--travel talk--money, weights and measures /$cby C.A. Thimm.
=250  \\$a3d ed., rev. and enl. /$bby R.A. Marriott.
=260  \\$aLondon :$bE. Marlborough,$c1907.
=300  \\$a80 pages ;$c19 cm.
=336  \\$atext$btxt$2rdacontent
=337  \\$aunmediated$bn$2rdamedia
=338  \\$avolume$bnc$2rdacarrier
=490  1\$aMarlborough's self-taught series ;$vno. 12
=650  \0$aArabic language$vConversation and phrase books.
=650  \0$aArabic language$xGrammar.
=650  \0$aArabic language$xDialects$zEgypt.
=650  \7$aArabic language.$2fast$0(OCoLC)fst00812287
=650  \7$aArabic language$xDialects.$2fast$0(OCoLC)fst00812310
=650  \7$aArabic language$xGrammar.$2fast$0(OCoLC)fst00812341
=650  \3$ainformation sources$9auto-assigned by category code
=651  \7$aEgypt.$2fast$0(OCoLC)fst01208755
=655  \7$aConversation and phrase books.$2fast$0(OCoLC)fst01423775
=700  1\$aMarriott, Reginald Adams,$d1857-1930.
=830  \0$aMarlborough's self-taught series ;$vno. 12.
=930  \\$a20220722$b00000000$c00000000
=946  \\$aNon-US
=959  \\$a$c2022/07/22$ecmartinez$gupgrade

