=LDR  01891cam a22004571i 4500
=001  693243
=005  20220425180021.0
=008  950310s1931\\\\gw\\\\\\\bm\\\000\0\ger\d
=035  \\$a(OCoLC)ocm23820889
=035  \\$a693243
=040  \\$aZCL$beng$cZCL$dAGL$dGBVCP$dOCLCQ$dOCLCO$dOCLCF$dOCLCO
=016  7\$aCAT10693243$2DNAL
=024  7\$aU 31.5696$2local
=029  1\$aGBVCP$b02757153X
=070  0\$a282$bR272
=072  \0$aE110
=049  \\$aAGLL
=100  1\$aReimann, Artur Im.,$d1902-
=242  04$aThe homestead laws of the United States of North America$yeng
=245  14$aDie heimstättengesetze der Vereinigten Staaten von Nord-Amerika /$cvon Artur Im. Reimann.
=264  \1$aEngelsdorf-Leipzig :$bVogel,$c1931.
=300  \\$a2 preliminary leaves, 78 pages$c23 cm
=336  \\$atext$btxt$2rdacontent
=337  \\$aunmediated$bn$2rdamedia
=338  \\$avolume$bnc$2rdacarrier
=502  \\$cLeipzig
=504  \\$aIncludes bibliographical references.
=650  \0$aHomestead law$zUnited States.
=650  \0$aExemption (Law)$zUnited States.
=650  \3$amacroeconomics$9auto-assigned by category code
=650  \3$aland use$9auto-assigned by category code
=650  \3$aland management$9auto-assigned by category code
=650  \3$aeconomics$9auto-assigned by category code
=655  \7$aAcademic theses.$2fast$0(OCoLC)fst01726453
=655  \7$aAcademic theses.$2lcgft
=655  \7$aThèses et écrits académiques.$2rvmgf$0(CaQQLa)RVMGF-000001173
=776  08$iOnline version:$aReimann, Artur Im., 1902-$tHeimstättengesetze der Vereinigten Staaten von Nord-Amerika .$dEngelsdorf-Leipzig, Vogel, 1931$w(OCoLC)769376793
=856  41$3HathiTrust Digital Library, Limited view (search only)$uhttp://catalog.hathitrust.org/api/volumes/oclc/23820889.html
=930  \\$a20220425$b00000000$c00000000
=946  \\$aNon-US
=959  \\$a$c2022/04/18$ecmartinez$gupgrade


