=LDR  01498cam a2200397 i 4500
=001  696843
=005  20220407083511.0
=008  950313s1937\\\\enk\\\\\\\\\\\000\0\eng\d
=035  \\$a(OCoLC)ocm65943445
=035  \\$a696843
=040  \\$aNLGGC$bdut$efobidrtb$cNLGGC$dAGL$dOCLCQ$dAGL
=016  7\$aCAT10907194$2DNAL
=029  0\$aNLGGC$b095229124
=070  0\$a281.372$bJ66
=049  \\$aAGLL
=072  \0$aS200
=072  \0$aE100
=072  \0$aE700
=110  2\$aJoint Committee of Cotton Trade Organisations.
=245  10$aLancashire and the future :$bthe present position and prospects of the cotton industry, June 1937 /$cJoint Committee of Cotton Trade Organisations.
=264  \1$aManchester,$c[1937]
=300  \\$a28 pages
=650  \0$aCotton textile industry$zGreat Britain.
=650  \3$amarketing$9auto-assigned by category code
=650  \3$adistribution (economics)$9auto-assigned by category code
=650  \3$aagribusiness$9auto-assigned by category code
=650  \3$aagricultural economics$9auto-assigned by category code
=650  \3$anonfood plant products$9auto-assigned by category code
=651  \0$aGreat Britain$xCommerce.
=650  \7$aBritish colonies.$2fast$0(OCoLC)fst01910374
=650  \7$aCommerce.$2fast$0(OCoLC)fst00869279
=650  \7$aCotton textile industry.$2fast$0(OCoLC)fst00881056
=651  \7$aGreat Britain.$2fast$0(OCoLC)fst01204623
=930  \\$a20220407$b00000000$c00000000
=946  \\$aNon-US
=959  \\$a$c2022/04/06$ecmartinez$gupgrade

