=LDR  01553cam a2200421Mi 4500
=001  690757
=005  20220807083506.0
=008  950309s1929\\\\xx\\\\\\\\\\\\000\0\fre\d
=035  \\$a(OCoLC)ocm71077313
=035  \\$a690757
=040  \\$aAGL$beng$cAGL$dOCLCQ$dWAU$dOCLCO$dAGL
=043  \\$ae-fr---
=016  7\$aCAT10941035$2DNAL
=070  0\$a281$bC73
=072  \0$aE100
=049  \\$aAGLL
=100  1\$aBoret, Victor,$d1872-1952,$eauthor.
=242  14$aThe agricultural problem currently in France and abroad.$yeng
=245  13$aLe problème agricole actuellement en France et à l'étranger :$bséance du 9 décembre 1929 /$cCommunications de Mm. Victor Boret, Jules Gautier,  Adolphe Hodée, Frédéric Bertrand, Javal, de Guichen.
=264  \1$a[Boulogne-sur-mer :$bImprimerie d'études sociales et politiques,$c1929]
=300  \\$a42 pages ;$c26 cm
=336  \\$btxt$2rdacontent
=337  \\$bn$2rdamedia
=337  \\$bn$2isbdmedia
=490  1\$aComité national d'études sociales & politiques ;$vfasc. 409
=610  20$aFaculdades do Sagrado Coração (Bauru, Brazil)
=650  \0$aAgriculture.
=650  \0$aAgriculture$zFrance.
=650  \3$aagricultural economics.
=700  1\$aGautier, Jules.,$eauthor.
=700  1\$aHodée, Adolphe.,$eauthor.
=700  1\$aBertrand, Frédéric,$eauthor.
=700  1\$aJaval.
=700  1\$ade Guichen.
=830  \0$aComite national d'etudes sociales et politiques ;$vfasc. 409.
=930  \\$a20220807$b00000000$c00000000
=946  \\$aNon-US
=959  \\$a$c2022/08/04$ecmartinez$gupgrade


