=LDR  01513cam a2200349Ma 4500
=001  694968
=005  20220328180018.0
=008  950310s1932\\\\dcuab\\\\\\\\\100\0\eng\d
=035  \\$a(OCoLC)ocm52318434
=035  \\$a694968
=040  \\$aCOO$beng$cCOO$dOCLCQ$dAGL$dOCLCQ$dOCLCO$dAGL
=016  7\$aCAT10905264$2DNAL
=070  0\$a281.12$bC35
=072  \0$aE100
=072  \0$aX700
=049  \\$aAGLL
=111  2\$aRound Table on "Interrelation of Agriculture and Other Fields of Enterprise"$d(1932 :$cSan Francisco, Calif.)
=245  10$aAgriculture in relation to business :$baddresses and abstracts of remarks of discussion leaders at a Round Table on "Interrelation of Agriculture and Other Fields of Enterprise," May 19, 1932.
=260  \\$aWashington, D.C. :$bAgriculture Service Dept., Chamber of Commerce of the United States,$c[1932?]
=300  \\$a24 leaves :$billustrations, maps ;$c27 cm
=336  \\$atext$btxt$2rdacontent
=337  \\$aunmediated$bn$2rdamedia
=338  \\$avolume$bnc$2rdacarrier
=650  \3$amarket analysis$9auto-assigned by category code
=650  \3$aeconomics$9auto-assigned by category code
=650  \3$aagricultural economics$9auto-assigned by category code
=710  2\$aChamber of Commerce of the United States of America.$bMeeting$n(20th :$d1932 :$cSan Francisco, Calif.)
=930  \\$a20220328$b00000000$c00000000
=939  \\$a20090526$b20090608$c00000000
=946  \\$aOther US
=959  \\$a$c2022/03/28$ecmartinez$gupgrade
=959  \\$a$c2009/05/26$essouder$gap

