=LDR  01145cam a2200337Mi 4500
=001  703918
=005  20220425083510.0
=008  950315m19131914xx\\\\\\\\\\\f000\0\hun\d
=035  \\$a(OCoLC)ocm71085523
=035  \\$a703918
=040  \\$aAGL$beng$cAGL$dWAU$dOCLCQ$dAGL
=016  7\$aCAT10973029$2DNAL
=070  0\$a284.39$bH89
=072  \0$aE700
=049  \\$aAGLL
=110  1\$aHungary.$bFöldművelésügyi Minisztérium.$bStatistische abteilung.
=242  00$aGermany - prices 1912-1914.$yeng
=245  10$aJermény - árak 1912-1914. /$cFöldművelésügyi Minisztérium
=260  \\$c1913-1914.
=300  \\$a1 volume
=336  \\$atext$btxt$2rdacontent
=337  \\$aunmediated$bn$2rdamedia
=338  \\$avolume$bnc$2rdacarrier
=650  \3$amarketing$9auto-assigned by category code
=650  \3$adistribution (economics)$9auto-assigned by category code
=650  \3$aagricultural economics$9auto-assigned by category code
=650  \3$aagribusiness$9auto-assigned by category code
=651  \0$aGermany$xPrices$y1912-1914.
=930  \\$a20220425$b00000000$c00000000
=946  \\$aNon-US
=959  \\$a$c2022/04/24$ecmartinez$gupgrade


