=LDR  01807cam a2200421M  4500
=001  698704
=005  20220420180057.0
=008  950313s1939\\\\mau\\\\\\\\\\\000\0\eng\d
=016  7\$aCAT10909546$2DNAL
=035  \\$a(OCoLC)ocm63923159
=035  \\$a698704
=040  \\$aCOO$beng$cCOO$dAGL$dOCLCQ$dOCLCO$dOCLCF$dOCLCO
=043  \\$an-us-ma
=070  0\$a284.3$bM38
=072  \0$aE700
=049  \\$aAGLL
=110  1\$aMassachusetts.$bDepartment of Agriculture.$bDivision of markets.
=245  10$aMonthly retail prices on certain food products compiled from Boston retail price report, 1928-1938.
=264  \1$a[Boston],$c[1939?]
=300  \\$a2 preliminary leaves, 28 leaves$bincluding tables$c28 cm
=336  \\$atext$btxt$2rdacontent
=337  \\$aunmediated$bn$2rdamedia
=338  \\$avolume$bnc$2rdacarrier
=500  \\$aCover title.
=650  \0$aCost and standard of living$zMassachusetts$zBoston.
=650  \0$aFood prices$zMassachusetts$zBoston.
=650  \7$aCost and standard of living.$2fast$0(OCoLC)fst00880673
=650  \7$aFood prices.$2fast$0(OCoLC)fst00930995
=650  \3$amarketing$9auto-assigned by category code
=650  \3$adistribution (economics)$9auto-assigned by category code
=650  \3$aagricultural economics$9auto-assigned by category code
=650  \3$aagribusiness$9auto-assigned by category code
=651  \7$aMassachusetts$zBoston.$2fast$0(OCoLC)fst01205012
=740  0\$aRetail prices on certain food products.
=776  08$iOnline version:$aMassachusetts. Department of Agriculture. Division of markets.$tMonthly retail prices on certain food products compiled from Boston retail price report, 1928-1938.$d[Boston, 1939?]$w(OCoLC)684799281
=930  \\$a20220420$b00000000$c00000000
=946  \\$aOther US
=959  \\$a$c2022/04/20$ecmartinez$gupgrade

