=LDR  02206ctm a2200505Ma 4500
=001  693227
=005  20220922083552.0
=008  950310s1934\\\\xx\\\\\\\m\\\\000\0\ger\d
=035  \\$a(OCoLC)ocn843380546
=035  \\$a693227
=040  \\$aZAP$beng$cZAP$dOCLCQ$dOCLCO$dOCLCF$dOCLCO$dOCLCQ$dAGL
=016  7\$aCAT10971903$2DNAL
=043  \\$ae-gx---
=044  \\$cXA-DE
=070  0\$a281.359$bL56
=072  \0$aE130
=072  \0$aQ004
=049  \\$aAGLL
=100  1\$aLessmann, Horst,$d1907-1975.
=245  14$aDie Entwicklung der Weizenbaubetriebe in den Kreisen Kothen und Bernburg in den Jahren 1927/27 bus 1939/31 :$bUntersuchungen auf Grund der Wirtschaftsabschlusse von Betrieben mit der Buchfuhrung des Reichslandbundes /$cHorst Lessman.
=264  \1$aDresden$bRisse-Verl.$c1934
=300  \\$a110, 14 pages
=336  \\$atext$btxt$2rdacontent
=337  \\$aunmediated$bn$2rdamedia
=338  \\$avolume$bnc$2rdacarrier
=500  \\$aAuch im Buchh.
=502  \\$bdoctoral$cUniversitat Leipzig
=650  \0$aWheat trade$zGermany.
=650  \0$aWheat$xCooperative marketing$zGermany.
=650  \7$aWheat$xCooperative marketing.$2fast$0(OCoLC)fst01174335
=650  \7$aWheat trade.$2fast$0(OCoLC)fst01174458
=650  \3$aplant-based foods$9auto-assigned by category code
=650  \3$afield crops$9auto-assigned by category code
=650  \3$aproduction economics$9auto-assigned by category code
=650  \3$amacroeconomics$9auto-assigned by category code
=650  \3$aagricultural economics$9auto-assigned by category code
=651  \7$aGermany.$2fast$0(OCoLC)fst01210272
=655  \7$aAcademic theses.$2fast$0(OCoLC)fst01726453
=655  \7$aAcademic theses.$2lcgft
=655  \7$aThèses et écrits académiques.$2rvmgf$0(CaQQLa)RVMGF-000001173
=776  08$iOnline version:$aLessmann, Horst, 1907-$tEntwicklung der Weizenbaubetriebe in den Kreisen Kothen und Bernburg in den Jahren 1927/27 bus 1939/31.$d1934$w(OCoLC)908817169
=856  41$3HathiTrust Digital Library, Limited view (search only)$uhttp://catalog.hathitrust.org/api/volumes/oclc/843380546.html
=930  \\$a20220922$b00000000$c00000000
=946  \\$aNon-US
=959  \\$a$c2022/09/21$ecmartinez$gupgrade


