=LDR  01680cam a22004577a 4500
=001  698794
=005  20220719083507.0
=008  950313s1931\\\\pl\\\\\\\bm\\\000\0\ger\d
=035  \\$a(OCoLC)ocm39609085
=035  \\$a698794
=040  \\$aIL#$beng$cIL#$dOCLCQ$dAGL$dOCLCQ$dOCLCF$dOCLCQ$dOCLCO$dOCLCQ$dOCLCO$dOCL$dOCLCQ$dOCLCO$dAGL
=016  7\$aCAT10971965$2DNAL
=043  \\$ae-pl---
=070  0\$a282$bH22
=072  \0$aE110
=049  \\$aAGLL
=100  1\$aHarnier, Alexander von.
=242  00$aDevelopment and results of the agrarian reform in Poland.$yeng
=245  10$aEntwicklung und Ergebnisse der Agrarreform in Polen /$cAlexander von Harnier.
=260  \\$aDanzig :$bKafemann,$c1931.
=300  \\$a56 pages
=336  \\$atext$btxt$2rdacontent
=337  \\$aunmediated$bn$2rdamedia
=338  \\$avolume$bnc$2rdacarrier
=502  \\$aDissertation.
=504  \\$aIncludes bibliographical references (pages 55-56).
=650  \0$aLand reform$zPoland.
=650  \0$aLand tenure$zPoland.
=650  \7$aLand reform.$2fast$0(OCoLC)fst00991280
=650  \3$amacroeconomics$9auto-assigned by category code
=650  \3$aland use$9auto-assigned by category code
=650  \3$aland management$9auto-assigned by category code
=650  \3$aeconomics$9auto-assigned by category code
=651  \7$aPoland.$2fast$0(OCoLC)fst01206891
=655  \7$aAcademic theses.$2fast$0(OCoLC)fst01726453
=655  \7$aAcademic theses.$2lcgft
=655  \7$aThèses et écrits académiques.$2rvmgf$0(CaQQLa)RVMGF-000001173
=930  \\$a20220719$b00000000$c00000000
=946  \\$aNon-US
=959  \\$a$c2022/07/19$ecmartinez$gupgrade
=959  \\$a$c2022/07/18$ecmartinez$gupgrade


