=LDR  00992cam a2200337Mi 4500
=001  701469
=005  20220522180040.0
=008  950314s1930\\\\gw\\\\\\\\\\\\000\0\ger\d
=035  \\$a(OCoLC)ocm71083915
=035  \\$a701469
=040  \\$aAGL$beng$cAGL$dOCLCQ$dWAU$dAGL
=016  7\$aCAT10972300$2DNAL
=041  \\$ager$beng
=043  \\$ae-gx---
=070  0\$a284.29$bV58
=072  \0$aE100
=049  \\$aAGLL
=110  2\$aVerband deutscher öffentlich-rechtlicher kreditanstalten.
=242  00$aAnnual report... 1929-/30-.$yeng
=245  10$aGeschäftsbericht ... 1929/30-.
=260  \\$c[1930]
=300  \\$a1 volume
=336  \\$atext$btxt$2rdacontent
=337  \\$aunmediated$bn$2rdamedia
=338  \\$avolume$bnc$2rdacarrier
=650  \0$aCredit$zGermany.
=650  \0$aFinancial institutions$zGermany.
=650  \3$aagricultural economics$9auto-assigned by category code
=930  \\$a20220522$b00000000$c00000000
=946  \\$aNon-US
=959  \\$a$c2022/05/22$ecmartinez$gupgrade


