=LDR  01768cam a2200493Ia 4500
=001  691947
=005  20220410083514.0
=007  hd\afa008baca
=008  950310s1918\\\\nyu\\\\\a\\\\\000\0\eng\d
=016  7\$aCAT30691947$2DNAL
=035  \\$a(OCoLC)ocm49263696
=035  \\$a691947
=040  \\$aIWA$beng$cIWA$dOCLCQ$dAGL$dOCLCQ$dOCLCG$dOCLCF$dOCLCQ$dOCLCO$dOCLCQ$dOCLCO
=070  0\$aFilm$b2670
=070  0\$a281.2$bW15U Ed.4
=072  \0$aE500
=049  \\$aAGLL
=072  \0$aE500
=072  \0$aB500
=100  1\$aWallace, Henry,$d1836-1916.
=245  10$aUncle Henry's letters to the farm boy /$cby Henry Wallace.
=246  3\$aLetters to the farm boy
=250  \\$a4th ed.
=260  \\$aNew York :$bMacmillan Co.,$c1918.
=300  \\$a180 pages ;$c19 cm
=336  \\$atext$btxt$2rdacontent
=337  \\$amicroform$bh$2rdamedia
=338  \\$amicrofilm reel$bhd$2rdacarrier
=500  \\$aHalf title: Letters to the farm boy.
=533  \\$aMicrofilm.$bCedar Rapids, IA :$cHeritage Microfilm,$d2002.$e1 microfilm reel ; 35 mm.$f(USAIN State and Local Literature Preservation Project. Iowa).
=650  \0$aFarm life.
=650  \0$aBoys.
=650  \0$aConduct of life.
=650  \7$aBoys.$2fast$0(OCoLC)fst00837358
=650  \7$aConduct of life.$2fast$0(OCoLC)fst00874563
=650  \7$aFarm life.$2fast$0(OCoLC)fst00921052
=650  \3$aagricultural history$9auto-assigned by category code
=650  \3$arural sociology$9auto-assigned by category code
=650  \3$arural economics$9auto-assigned by category code
=776  1\$cOriginal$w(OCoLC)3134959
=830  \0$aUSAIN State and Local Literature Preservation Project.$pIowa.
=930  \\$a20220410$b00000000$c00000000
=946  \\$aOther US
=959  \\$a$c2022/04/07$ecmartinez$gupgrade

