=LDR  02083ctm a2200493Ma 4500
=001  693036
=005  20220711180004.0
=008  950310s1933\\\\gw\a\\\\\m\\\\000\0\ger\d
=035  \\$a(OCoLC)ocn843325770
=035  \\$a693036
=040  \\$aZAP$beng$cZAP$dOCLCQ$dOCLCO$dOCLCF$dOCLCO$dAGL
=016  7\$aCAT10971687$2DNAL
=070  0\$a281.175$bR84
=072  \0$aE100
=049  \\$aAGLL
=100  1\$aRuge, Wilhelm,$d1906-
=242  00$aPeasant operating conditions in the province of Pomerania$yeng
=245  10$aBäuerliche Betriebsverhältnisse in der Provinz Pommern /$cWilhelm Ruge.
=264  \1$aStettin :$bLandesbauernschaft Pommern,$c1933.
=300  \\$aiv, 79 pages :$btables$c23 cm
=336  \\$atext$btxt$2rdacontent
=337  \\$aunmediated$bn$2rdamedia
=338  \\$avolume$bnc$2rdacarrier
=490  1\$aArbeiten der Landesbauernschaft Pommern ;$vH. 31.
=500  \\$aalso as: Work. d. Landesbauernsch. Pomerania. main dept. 2nd 31st
=500  \\$aBerlin LaH., Diss. June 2, 1932
=502  \\$bdoctoral$cLandwirtschaftliche Hochschule Berlin
=650  \0$aAgricultural laborers$zPomerania (Poland and Germany)$xSocial conditions.
=650  \0$aPeasants$zPomerania (Poland and Germany)$xSocial conditions.
=650  \7$aAgricultural laborers$xSocial conditions.$2fast$0(OCoLC)fst00801000
=650  \7$aPeasants$xSocial conditions.$2fast$0(OCoLC)fst01734428
=650  \3$aagricultural economics.
=651  \7$aEurope$zPomerania.$2fast$0(OCoLC)fst01310543
=655  \7$adissertations.$2aat$0(CStmoGRI)aatgf300028029
=655  \7$amasters theses.$2aat$0(CStmoGRI)aatgf300077723
=655  \7$adoctoral dissertations.$2aat$0(CStmoGRI)aatgf300312076
=655  \7$atheses.$2aat$0(CStmoGRI)aatgf300028028
=655  \7$aAcademic theses.$2fast$0(OCoLC)fst01726453
=655  \7$aAcademic theses.$2lcgft
=655  \7$aThèses et écrits académiques.$2rvmgf$0(CaQQLa)RVMGF-000001173
=830  \0$aArbeiten der Landesbauernschaft Pommern ;$vH. 31.
=930  \\$a20220711$b00000000$c00000000
=946  \\$aNon-US
=959  \\$a$c2022/07/11$ecmartinez$gupgrade


