=LDR  02578cam a2200529I  4500
=001  691305
=005  20220706083513.0
=008  950309s1936\\\\oru\\\\\\\\\\\000\0\eng\\
=010  \\$a   36028302 
=035  \\$a(OCoLC)ocm04015152
=035  \\$a691305
=040  \\$aDLC$beng$cTJC$dOCLCQ$dAGL$dCUY$dOCLCF$dOCLCQ$dOCLCO$dOSO$dOCLCA$dOCLCO$dAGL
=016  7\$aCAT10904446$2DNAL
=043  \\$an-us-or
=070  0\$a280.7$bOr33An
=072  \0$aW000
=072  \0$aD500
=072  \0$aW000
=072  \0$aD500
=049  \\$aAGLL
=110  2\$aOregon State Planning Board.
=245  13$aAn analytical digest of existing legislation in Oregon and other states relating to stream pollution.$bA report from the Advisory committee on stream purification to the Oregon State planning board.$cSubmitted by the board to Governor Charles H. Martin and the legislature of the state of Oregon. August, 1936.
=260  \\$a[Portland],$c[1936]
=300  \\$a5 preliminary leaves 57 pages$c28 cm
=336  \\$atext$btxt$2rdacontent
=337  \\$aunmediated$bn$2rdamedia
=338  \\$avolume$bnc$2rdacarrier
=500  \\$aOn cover: An analysis of stream pollution legislation. A report submitted to the Honorable Charles H. Martin, governor of Oregon and the Legislative assembly of the state of Oregon. State planning board, August, 1936.
=500  \\$aMimeographed.
=500  \\$a"Prepared by John Ronchetto of the research staff of the Oregon State planning board."--2d prelim. leaf.
=500  \\$a"Memorandum of authorities and references": p. 48-57.
=650  \0$aWater$xPollution.
=650  \0$aWater$xLaw and legislation$zOregon.
=650  \7$aWater$xLaw and legislation.$2fast$0(OCoLC)fst01171236
=650  \7$aWater$xPollution.$2fast$0(OCoLC)fst01171279
=650  \3$alaws and regulations$9auto-assigned by category code
=650  \3$awaste management$9auto-assigned by category code
=650  \3$apollution$9auto-assigned by category code
=650  \3$aenvironmental degradation$9auto-assigned by category code
=651  \7$aOregon.$2fast$0(OCoLC)fst01204579
=655  \3$aInternet resource
=700  1\$aRonchetto, John Paul,$d1905-
=776  08$iOnline version:$aRonchetto, John Paul, 1905-$tAnalytical digest of existing legislation in Oregon and other states relating to stream pollution.$dPortland, Oregon : Oregon State Planning Board, August 1936$w(OCoLC)1006918281
=856  41$uhttps://digital.osl.state.or.us/islandora/object/osl:46212
=930  \\$a20220706$b00000000$c00000000
=946  \\$aOther US
=959  \\$a$c2022/07/05$ecmartinez$gupgrade

