=LDR  01209ctm a22003497a 4500
=001  691675
=005  20220410083515.0
=008  950309s1931\\\\xx\\\\\\\m\\\\000\0\ger\d
=035  \\$a(OCoLC)ocm52465958
=035  \\$a691675
=040  \\$aCRL$beng$cCRL$dOCLCQ$dAGL$dOCLCQ$dOCLCO$dOCLCF$dOCLCQ$dOCLCO$dAGL
=016  7\$aCAT10942289$2DNAL
=029  1\$aDEBBG$bBV013858077
=070  0\$a281$bSch82
=072  \0$aE100
=049  \\$aAGLL
=072  \0$aE100
=100  1\$aSchultze, Rudolf.
=242  00$aStudies on the history of the theory of intensity from Thaer-Thunen to the present.$yeng
=245  10$aUntersuchungen zur Geschichte der Intensitätslehre von Thaer-Thunen bis zur Gegenwart /$cRudolf Schultze.
=264  \0$c1931.
=300  \\$a91 pages
=336  \\$atext$btxt$2rdacontent
=337  \\$aunmediated$bn$2rdamedia
=338  \\$avolume$bnc$2rdacarrier
=502  \\$bdoctoral$cLandwirtschaftliche Hochschule Berlin$d1931
=650  \3$aagricultural economics$9auto-assigned by category code
=655  \7$aAcademic theses.$2fast$0(OCoLC)fst01726453
=655  \7$aAcademic theses.$2lcgft
=930  \\$a20220410$b00000000$c00000000
=946  \\$aNon-US
=959  \\$a$c2022/04/10$ecmartinez$gupgrade


