=LDR  01352cam a22003857a 4500
=001  703715
=005  20220608083513.0
=008  950315s1937\\\\enk\\\\\\\\\\\000\0\eng\d
=035  \\$a(OCoLC)on1114886345
=035  \\$a703715
=040  \\$aREU$beng$cREU$dOCLCO$dOCLCF$dOCLCQ$dAGL
=016  7\$aCAT10909904$2DNAL
=043  \\$ae-uk---
=070  0\$a284.39$bG792
=072  \0$aE700
=072  \0$aQ000
=049  \\$aAGLL
=110  2\$aFood Council (Great Britain)
=245  10$aReport of the Food Council to the President of the Board of Trade for the year 1936 /$cFood Council (Great Britain)
=260  \\$c1937-1939.
=264  \1$aLondon :$bHMSO,$c1937.
=300  \\$a26 unnumbered pages
=336  \\$atext$btxt$2rdacontent
=337  \\$aunmediated$bn$2rdamedia
=338  \\$avolume$bnc$2rdacarrier
=650  \0$aFood industry and trade$zGreat Britain.
=650  \7$aFood industry and trade.$2fast$0(OCoLC)fst00930843
=650  \3$afood science$9auto-assigned by category code
=650  \3$amarketing$9auto-assigned by category code
=650  \3$adistribution (economics)$9auto-assigned by category code
=650  \3$aagricultural economics$9auto-assigned by category code
=650  \3$aagribusiness$9auto-assigned by category code
=930  \\$a20220608$b00000000$c00000000
=946  \\$aNon-US
=959  \\$a$c2022/06/07$ecmartinez$gupgrade

