=LDR  01702cam a2200457I  4500
=001  690031
=005  20220921180050.0
=008  950309s1929\\\\gw\\\\\\\b\\\\000\0\ger\d
=016  7\$aCAT10940271$2DNAL
=035  \\$a(OCoLC)ocm46870222
=035  \\$a690031
=040  \\$aGZM$beng$cGZM$dOCLCQ$dOCLCO$dOCLCF$dOCLCO$dAGL
=015  \\$a00,L01$2dnb
=019  \\$a1031725076
=019  \\$a1068186169
=043  \\$ae-gx---
=044  \\$cXA-DE
=070  0\$a281$bSch7
=072  \0$aE100
=084  \\$a710$2rpb
=049  \\$aAGLL
=100  1\$aSchubert, Albrecht.
=242  14$aThe development of Poznan agriculture since 1919 within the framework of the overall state economy /$cAlbrecht Schubert.$yeng
=245  14$aDie Entwicklung der Posener Landwirtschaft seit 1919 im Rahmen der gesamten Staatswirtschaft /$cAlbrecht Schubert.
=260  \\$aPosen,$bHistorische Gesellschaft für Posen,$c1929.
=264  \1$aPosen :$bVerl. d. Hist. Ges. f. Posen,$c1929.
=300  \\$a148 pages ;$c24 cm
=336  \\$atext$btxt$2rdacontent
=337  \\$aunmediated$bn$2rdamedia
=338  \\$avolume$bnc$2rdacarrier
=490  1\$aSchriftenreihe Polen ;$v[3]
=504  \\$aIncludes bibliographical references.
=650  \0$aAgriculture$xEconomic aspects.
=650  \7$aAgriculture$xEconomic aspects.$2fast$0(OCoLC)fst00801415
=650  \3$aagricultural economics$9auto-assigned by category code
=655  \3$aInternet resource
=830  \0$aSchriftenreihe Polen ;$v3.
=856  41$3Inhaltsverzeichnis$qapplication/pdf$uhttp://digitale-objekte.hbz-nrw.de/storage/2013/05/29/file_5/5138211.pdf
=930  \\$a20220921$b00000000$c00000000
=946  \\$aNon-US
=959  \\$a$c2022/09/19$ecmartinez$gupgrade


