=LDR  01504cam a2200337 i 4500
=001  707921
=005  20220422180009.0
=008  950316s1889\\\\rm\\\\\\\d\\\\000\0\rom\d
=016  7\$aCAT10973079$2DNAL
=035  \\$a(OCoLC)ocm37772545
=035  \\$a707921
=040  \\$aNYP$beng$cNYP$dAGL$dOCLCG$dOCLCQ$dOCLCO$dAGL
=041  0\$arum$ager
=070  0\$a207$bSa2
=072  \0$aX000
=049  \\$aAGLL
=100  1\$aȘăineanu, Lazăr,$d1859-1934.
=242  00$aRomanian-German dictionary, containing the complete nomenclature of Romanian vocabulary;$btechnicalǐ termsǐ and the most used neologisms; indication of etymology and accent, phraseology and idiomatic expressions.$yeng
=245  10$aDicționar româno-german, conținênd nomenclatura completǎ a vocabularuluǐ român;$btermeniǐ tecnicǐ și neologismele cele maǐ întrebuințate; indicarea etimologieǐ și a accentuluǐ, fraseologia și expresiunile idiomatice /$cde Lazǎr Șaineanu
=246  1\$iHalf-title:$aII. Dicționar româno-german
=264  \1$aBucareștǐ :$bDepositul general la H. Steinberg,$c1889.
=300  \\$ax, 429 pages$c19 cm
=336  \\$atext$btxt$2rdacontent
=337  \\$aunmediated$bn$2rdamedia
=338  \\$avolume$bnc$2rdacarrier
=515  \\$aNo more published?
=650  \0$aRomanian language$vDictionaries$xDictionaries, German.
=650  \3$ainformation sources$9auto-assigned by category code
=930  \\$a20220422$b00000000$c00000000
=946  \\$aNon-US
=959  \\$a$c2022/04/22$ecmartinez$gupgrade


