=LDR  01637cam a2200433 i 4500
=001  700849
=005  20220512142648.0
=008  950314s1925\\\\xx\\\\\\\\\\\\000\0\eng\d
=035  \\$a(OCoLC)on1289123965
=035  \\$a700849
=040  \\$aAGL$beng$cAGL$dAGL
=016  7\$aCAT10909530$2DNAL
=070  0\$a284.3$bK55
=072  \0$aE700
=072  \0$aQ004
=049  \\$aAGLL
=100  1\$aKillough, Hugh B.$q(Hugh Baxter),$d1892-
=245  10$aWhat Makes the Price of Oats? /$cby Hugh B. Killough.
=246  3\$aA statistical study of certain factors affecting the price of oats.
=264  \1$aWashington, D.C. :$bU.S. Government Printing Office,$c1925.
=300  \\$a39 pages.
=336  \\$atext$btxt$2rdacontent
=337  \\$aunmediated$bn$2rdamedia
=338  \\$avolume$bnc$2rdacarrier
=490  1\$aDepartment Bulletin / United States Department of Agriculture ;$v1351
=650  \0$aOats$xPrices$zUnited States.
=650  \0$aOats$zUnited States$xStatistics.
=650  \3$aplant-based foods$9auto-assigned by category code
=650  \3$afield crops$9auto-assigned by category code
=650  \3$amarketing$9auto-assigned by category code
=650  \3$adistribution (economics)$9auto-assigned by category code
=650  \3$aagricultural economics$9auto-assigned by category code
=650  \3$aagribusiness$9auto-assigned by category code
=830  \0$aDepartment bulletin (United States. Department of Agriculture) ;$v1351.
=930  \\$a20220512$b00000000$c00000000
=939  \\$a20100503$b20100605$c00000000
=946  \\$aNon-US
=959  \\$a$c2022/04/02$ecmartinez$gupgrade
=959  \\$a$c2010/05/03$edcollins$gap

