=LDR  01163cam a22003132i 4500
=001  686043
=005  20220425083510.0
=008  950213s1931\\\\xx\\\\\\\\\\\\000\0\ger\d
=035  \\$a(OCoLC)on1288975134
=035  \\$a686043
=040  \\$aAGL$beng$cAGL
=016  7\$aCAT10920342$2DNAL
=070  0\$a60.7$bP35
=072  \0$aQ110
=072  \0$aN100
=049  \\$aAGLL
=100  1\$aPieper, Wilhelm Horst,$d1906-
=242  04$aThe advantages of beet leaf silage produced using the Alexanderwerk process compared to silage made from unprocessed beet leaves.$yeng
=245  14$aDie Vorteile der nach dem Alexanderwerk-Verfahren hergestellten Rübenblattsilage gegenüber der Silage aus nicht bearbeiteten Rübenblättern /$cWilhelm Pieper.
=264  \1$aBückeburg :$bPrinz,$c1931.
=300  \\$aII, 99 pages :$billustrations, diagrams.
=502  \\$aUnivsersity of Jena, Dissertation, 1932.
=650  \0$aSugar beet$xProcessing.
=650  \0$aSugar beet$xSilage$xProcessing.
=650  \3$aagricultural structures and facilities.
=650  \3$afood storage.
=930  \\$a20220425$b00000000$c00000000
=946  \\$aNon-US
=959  \\$a$c2022/04/24$ecmartinez$gupgrade


