=LDR  01585cam a2200457Ia 4500
=001  902728
=005  20220407180011.0
=007  hd\afa008baca
=008  030716s1918\\\\nyu\\\\\a\\\\\000\0\eng\d
=016  7\$aCAT11135919$2DNAL
=035  \\$a(OCoLC)ocm49263696
=035  \\$a691947
=035  \\$a902728
=040  \\$aIWA$beng$cIWA$dOCLCQ$dAGL$dOCLCQ$dOCLCG$dOCLCF$dOCLCQ$dOCLCO$dOCLCQ$dOCLCO
=070  0\$aFilm$b2670
=072  \0$aE500
=049  \\$aAGLL
=072  \0$aE500
=100  1\$aWallace, Henry,$d1836-1916.
=245  10$aUncle Henry's letters to the farm boy /$cby Henry Wallace.
=246  3\$aLetters to the farm boy
=250  \\$a4th ed.
=260  \\$aNew York :$bMacmillan Co.,$c1918.
=300  \\$a180 pages ;$c19 cm
=336  \\$atext$btxt$2rdacontent
=337  \\$amicroform$bh$2rdamedia
=338  \\$amicrofilm reel$bhd$2rdacarrier
=500  \\$aHalf title: Letters to the farm boy.
=533  \\$aMicrofilm.$bCedar Rapids, IA :$cHeritage Microfilm,$d2002.$e1 microfilm reel ; 35 mm.$f(USAIN State and Local Literature Preservation Project. Iowa).
=650  \0$aFarm life.
=650  \0$aBoys.
=650  \0$aConduct of life.
=650  \7$aBoys.$2fast$0(OCoLC)fst00837358
=650  \7$aConduct of life.$2fast$0(OCoLC)fst00874563
=650  \7$aFarm life.$2fast$0(OCoLC)fst00921052
=776  1\$cOriginal$w(OCoLC)3134959
=830  \0$aUSAIN State and Local Literature Preservation Project.$pIowa.
=930  \\$a20220407$b00000000$c00000000
=939  \\$a20030801$b20030801$c00000000
=945  \\$dSES$e2003/07/16$fSES$g2003/07/16
=946  \\$aOther US

