=LDR  01607cam a2200397 a 4500
=001  689654
=005  20220410180011.0
=008  950308s1994\\\\gw\a\\\\\bm\\\000\0\ger\\
=016  7\$aCAT10689654$2DNAL
=035  \\$a689654
=040  \\$aAGL$beng$cAGL$dOCLCQ$dHEBIS$dDEBBG$dOCLCQ$dOCLCO$dOCLCF$dWURST$dOCLCA$dOCLCQ$dAGL
=015  \\$a95,A02,1028$2dnb
=035  \\$a(OCoLC)32110416
=049  \\$aAGLL
=070  0\$aDISS$bF1994091
=072  \0$aL600
=072  \0$aM001
=100  1\$aKöbbert, Christiane.
=242  00$aStudies on the occurrence and function of catecholamine and indolamine in the nervous system of Lymnaea stagnalis (Gastropoda, Pulmonata).$yeng
=245  10$aUntersuchungen zum Vorkommen und zur Funktion der Catechol- und Indolamine im Nervensystem von Lymnaea stagnalis (Gastropoda, Pulmonata) /$cvorgelegt von Christiane Köbbert.
=260  \\$aGöttingen :$bCuvillier,$c1994.
=300  \\$a207 pages :$billustrations ;$c21 cm
=336  \\$atext$btxt$2rdacontent
=337  \\$aunmediated$bn$2rdamedia
=338  \\$avolume$bnc$2rdacarrier
=502  \\$bdoctoral$cWestfälische Wilhelms-Universität Münster$d1994
=504  \\$aIncludes bibliographical references (pages 172-193).
=591  \\$bNAL Reclamation
=650  \3$aaquatic organisms.
=650  \3$aanimal physiology.
=655  \7$aAcademic theses.$2fast$0(OCoLC)fst01726453
=655  \7$aAcademic theses.$2lcgft$0http://id.loc.gov/authorities/genreForms/gf2014026039
=930  \\$a20220410$b00000000$c00000000
=939  \\$a19950404$b19950410$c00000000
=945  \\$dMAG$e95/02/08$fSEL$g95/03/08
=946  \\$aNon-US


