=LDR  01752ctmaa22004691a 4500
=001  690778
=005  20220420083513.0
=008  950309s1932\\\\xx\ab\\f\bm\\\000\0\eng\d
=035  \\$a(OCoLC)ocm61161942
=035  \\$a690778
=040  \\$aEAU$beng$cEAU$dAGL$dOCLCF$dOCLCO$dOCLCQ$dOCLCO$dOCL$dOCLCO$dAGL
=016  7\$aCAT10903800$2DNAL
=070  0\$a280.375$bC12
=072  \0$aE700
=072  \0$aQ005
=049  \\$aAGLL
=100  1\$aCalhoun, Wendell,$d1895-
=245  10$aChanging trends in the marketing of potatoes /$cby Wendell Calhoun.
=264  \0$c1932.
=300  \\$a115 leaves :$billustrations, map ;$c29 cm
=336  \\$atext$btxt$2rdacontent
=337  \\$aunmediated$bn$2rdamedia
=338  \\$avolume$bnc$2rdacarrier
=500  \\$aTypescript.
=502  \\$bM.S.$cAmerican University$d1932
=500  \\$aAmerican University, Dept. of Economics.
=500  \\$aThesis advisor: W.H.S. Stevens.
=504  \\$aIncludes bibliographical references (leaf 114).
=650  \0$aPotatoes$xMarketing.
=650  \7$aPotatoes$xMarketing.$2fast$0(OCoLC)fst01073424
=650  \3$aplant-based foods$9auto-assigned by category code
=650  \3$ahorticultural crops$9auto-assigned by category code
=650  \3$amarketing$9auto-assigned by category code
=650  \3$adistribution (economics)$9auto-assigned by category code
=650  \3$aagricultural economics$9auto-assigned by category code
=650  \3$aagribusiness$9auto-assigned by category code
=655  \7$aAcademic theses.$2fast$0(OCoLC)fst01726453
=655  \7$aAcademic theses.$2lcgft
=655  \7$aThèses et écrits académiques.$2rvmgf$0(CaQQLa)RVMGF-000001173
=930  \\$a20220420$b00000000$c00000000
=946  \\$aNon-US
=959  \\$a$c2022/04/20$ecmartinez$gupgrade


