=LDR  02010cam a2200433Ia 4500
=001  705135
=005  20220608083513.0
=008  950315s1939\\\\dcu\\\\\\b\\\f000\0\eng\d
=035  \\$a(OCoLC)ocm71086352
=035  \\$a705135
=040  \\$aAGL$beng$cAGL$dCUV$dKUK$dKYUBL$dOCLCF$dOCLCQ$dCSF$dOCLCO$dAGL
=016  7\$aCAT10929005$2DNAL
=019  \\$a34797002
=070  0\$a166.3$bM562
=072  \0$aE100
=086  0\$aFCA 1.2:AG 8/4
=049  \\$aAGLL
=100  1\$aWellman, H. R.$q(Harry Richard),$d1899-1997.
=245  10$aMethods of research in agricultural economics /$cby H.R. Wellman.
=260  \\$aWashington, D.C. :$bFarm Credit Administration, Cooperative Research and Service Division,$c[1939]
=300  \\$a92 pages ;$c27 cm
=336  \\$atext$btxt$2rdacontent
=337  \\$aunmediated$bn$2rdamedia
=338  \\$avolume$bnc$2rdacarrier
=500  \\$aReproduced from typewritten copy.
=500  \\$a"A series of five lectures given before the conference of the Cooperative Research and Service Division, January 9-13, 1939."
=504  \\$aIncludes bibliographical references.
=650  \0$aAgriculture$xEconomic aspects.
=650  \0$aAgriculture$xEconomic aspects$xResearch.
=650  \7$aAgriculture$xEconomic aspects.$2fast$0(OCoLC)fst00801415
=650  \7$aAgriculture$xEconomic aspects$xResearch.$2fast$0(OCoLC)fst00801459
=650  \3$aagricultural economics$9auto-assigned by category code
=655  \3$aInternet resource
=710  1\$aUnited States.$bFarm Credit Administration.$bCooperative Research and Service Division.
=776  08$iOnline version:$aWellman, H. R. (Harry Richard), 1899-1997.$tMethods of research in agricultural economics.$dWashington, D.C. : Farm Credit Administration, Cooperative Research and Service Division, [1939]$w(OCoLC)969919859
=856  41$3HathiTrust Digital Library$uhttp://catalog.hathitrust.org/api/volumes/oclc/34797002.html
=930  \\$a20220608$b00000000$c00000000
=946  \\$aOther US
=959  \\$a$c2022/06/08$ecmartinez$gupgrade

