=LDR  02729cam a2200613Ma 4500
=001  701764
=005  20220604083537.0
=008  950314s1932\\\\gw\\\\\\\m\\\\000\0\ger\d
=035  \\$a(OCoLC)ocn887144074
=035  \\$a701764
=040  \\$aYUS$beng$cYUS$dOCLCQ$dOCLCO$dOCLCF$dZD0$dOCLCO$dAGL
=016  7\$aCAT10972464$2DNAL
=019  \\$a1270421791
=041  \\$ager$beng
=043  \\$ae-gx---
=070  0\$a286.359$bG91
=072  \0$aE700
=072  \0$aQ004
=049  \\$aAGLL
=100  1\$aGrossbach, Hans.
=242  04$aThe economic significance of the German import license system,$bInaugural dissertation to o btain a doctorate from the Faculty of Economics and Social Sciences at the University of Cologne.$yeng
=245  14$aDie volkswirtschaftliche bedeutung des deutschen einfuhrscheinsystems$bInaugural-Dissertation zur Erlangung der Doktorwürde der Wirtschafts- und Sozialwissenschaftlichen Fakultät der Universität Köln /$cvorgelegt von Hans Grossbach.
=264  \1$aRemscheid :$bJ.F. Ziegler'sche Buchdruckerei,$c1932.
=300  \\$a95 pages. ;$c23 centimeters
=336  \\$atext$btxt$2rdacontent
=337  \\$aunmediated$bn$2rdamedia
=338  \\$avolume$bnc$2rdacarrier
=500  \\$aCover title.
=502  \\$aInaugural--Dissertation.-- Universität Köln, 1932.
=610  20$aUniversität zu Köln$xDissertations.
=610  27$aUniversität zu Köln.$2fast$0(OCoLC)fst00537805
=650  \0$aLicense system$zGermany.
=650  \0$aImport quotas$zGermany.
=650  \7$aDissertations, Academic.$2fast$0(OCoLC)fst00895423
=650  \7$aCommerce.$2fast$0(OCoLC)fst00869279
=650  \7$aImport quotas.$2fast$0(OCoLC)fst00968184
=650  \7$aLicense system.$2fast$0(OCoLC)fst00998052
=650  \7$aLicenses.$2fast$0(OCoLC)fst00998061
=650  \3$aplant-based foods$9auto-assigned by category code
=650  \3$afield crops$9auto-assigned by category code
=650  \3$amarketing$9auto-assigned by category code
=650  \3$adistribution (economics)$9auto-assigned by category code
=650  \3$aagricultural economics$9auto-assigned by category code
=650  \3$aagribusiness$9auto-assigned by category code
=651  \0$aGermany$xLicenses$xCommerce.
=651  \7$aGermany.$2fast$0(OCoLC)fst01210272
=655  \7$aAcademic theses.$2fast$0(OCoLC)fst01726453
=655  \7$aHochschulschrift$2gnd-content
=655  \7$aAcademic theses.$2lcgft
=655  \7$aThèses et écrits académiques.$2rvmgf$0(CaQQLa)RVMGF-000001173
=710  2\$aUniversität zu Köln.$bFakultät der Sozialwissenschaftlichen. = University of Cologne.$bFaculty of Social Sciences.
=930  \\$a20220604$b00000000$c00000000
=946  \\$aNon-US
=959  \\$a$c2022/06/03$ecmartinez$gupgrade


