=LDR  02225cam a2200493Mi 4500
=001  699271
=005  20220531180017.0
=008  950313s1921\\\\pl\a\\\\\b\\\\000\0\pol\d
=035  \\$a(OCoLC)ocm38801094
=035  \\$a699271
=040  \\$aHIN$beng$cHIN$dNUKAT$dAGL$dOCLCQ$dOCLCF$dOCLCQ$dOCLCO$dAGL
=016  7\$aCAT10974527$2DNAL
=041  \\$apol$beng
=043  \\$ae-pl---
=070  0\$a282$bL962
=072  \0$aE110
=049  \\$aAGLL
=100  1\$aLudkiewicz, Zdzisław.
=242  00$aAgrarian policy$bThe work recommended by the Main Land Office to his offices and officials.$yeng
=245  10$aPolityka agrarna$bPraca polecona przez Główny urza̦d ziemski podwładnym mu urze̦dom i urze̦dnikom /$cZdzislaw Ludkiewicz.
=250  \\$aWyd. 4.zmienione i rozszerone. = Ed. 4. changed and extended.
=264  \1$aPoznań$bNakład ksie̦garni Św. Wojciecha,$c1921.=$aPoznań$bPublished by the bookstore Św. Wojciech,$c1921.
=300  \\$axvi (i.e.) pages, 1 leaf, 598 pages :$bincluding tables ;$c24 cm
=336  \\$atext$btxt$2rdacontent
=337  \\$aunmediated$bn$2rdamedia
=338  \\$avolume$bnc$2rdacarrier
=490  1\$aWydawnictwo Ministerstwa Rolnictwa i Dóbr Państwowych ;$vnr 2 = Publishing House of the Ministry of Agriculture and State Goods;$vnumber 2
=504  \\$aBibliography at beginning of each chapter.
=650  \0$aLand tenure$zPoland.
=650  \0$aAllotment of land$zPoland.
=650  \7$aLand tenure.$2fast$0(OCoLC)fst00991362
=650  \3$amacroeconomics$9auto-assigned by category code
=650  \3$aland use$9auto-assigned by category code
=650  \3$aland management$9auto-assigned by category code
=650  \3$aeconomics$9auto-assigned by category code
=651  \7$aPoland.$2fast$0(OCoLC)fst01206891
=650  \7$aPolityka rolna$zPolska$y19 w.$2jhpk
=650  \7$aPolityka rolna$zPolska$y1900-1945.$2jhpk
=650  \7$aRolnictwo$zPolska$y1900-1945.$2jhpk
=650  \7$aPrawo rolne$zPolska$y1900-1945.$2jhpk
=830  \0$aWydawnictwo Ministerstwa Rolnictwa i Dóbr Państwowych =  Publishing House of the Ministry of Agriculture and State Goods ;$vnr 2
=930  \\$a20220531$b00000000$c00000000
=946  \\$aNon-US
=959  \\$a$c2022/05/31$ecmartinez$gupgrade


