=LDR  01181cam a2200385I  4500
=001  705425
=005  20220409083509.0
=008  950315s1937\\\\dcu\\\\\\\\\\\000\0\eng\\
=010  \\$a   50045568 
=035  \\$a705425
=035  \\$a(OCoLC)ocm01805727
=040  \\$aDLC$beng$cKSU$dOCLCQ$dAGL$dOCLCF$dOCLCQ$dOCLCO$dOCLCA
=016  7\$aCAT10929324$2DNAL
=043  \\$ae------
=070  0\$a173$bIn7
=072  \0$aE400
=049  \\$aAGLL
=072  \0$aE400
=110  1\$aUnited States.$bInquiry on Cooperative Enterprise.
=245  10$aReport.
=260  \\$a[Washington],$c[1937]
=300  \\$a2 volumes$bdiagrams, tables$c27 cm
=336  \\$atext$btxt$2rdacontent
=337  \\$aunmediated$bn$2rdamedia
=338  \\$avolume$bnc$2rdacarrier
=500  \\$aVol 2 has cover title.
=500  \\$aVol 2: Appendices.
=650  \0$aCooperation$zEurope.
=650  \7$aCooperation.$2fast$0(OCoLC)fst00878116
=650  \3$aeconomics$9auto-assigned by category code
=650  \3$acooperatives$9auto-assigned by category code
=651  \7$aEurope.$2fast$0(OCoLC)fst01245064
=930  \\$a20220409$b00000000$c00000000
=946  \\$aOther US
=959  \\$a$c2022/04/09$ecmartinez$gupgrade

