=LDR  01675cam a22004337i 4500
=001  693225
=005  20220531180019.0
=008  950310s1934\\\\xx\\\\\\\m\\\\000\0\ger\d
=035  \\$a(OCoLC)on1289063730
=035  \\$a693225
=040  \\$aAGL$beng$cAGL$dAGL
=016  7\$aCAT10971893$2DNAL
=070  0\$a281.350$bB28
=049  \\$aAGLL
=072  \0$aE130
=072  \0$aQ000
=100  1\$aBartels, Alfred,$d1905-
=242  04$aThe meat supply of the city of Magdeburg.$yeng
=245  14$aDie fleischversorgung der stadt Magdeburg /$cAlfred Bartels.
=264  \0$a[Unidentified place of publication] :$b[unidentified publisher],$c1934
=300  \\$a[1], iii, 35, [4] pages
=502  \\$aJena, University, Dissertation, 1934
=650  \0$aMeat industry and trade$zGermany$zMagdeburg.
=650  \0$aMeat industry and trade$zGermany$zMagdeburg$xInventories.
=650  \3$afood science$9auto-assigned by category code
=650  \3$aproduction economics$9auto-assigned by category code
=650  \3$amacroeconomics$9auto-assigned by category code
=650  \3$aagricultural economics$9auto-assigned by category code
=651  \0$aGermany$xFood supply.
=650  \7$aFood supply.$2fast$0(OCoLC)fst00931196
=650  \7$aMeat industry and trade.$2fast$0(OCoLC)fst01013271
=650  \7$aMeat industry and trade$xInventories.$2fast$0(OCoLC)fst01903882
=651  \7$aGermany.$2fast$0(OCoLC)fst01210272
=651  \7$aGermany$zMagdeburg.$2fast$0(OCoLC)fst01215666
=655  \7$aAcademic theses.$2lcgft
=655  \7$aAcademic theses.$2fast$0(OCoLC)fst01726453
=930  \\$a20220531$b00000000$c00000000
=946  \\$aNon-US
=959  \\$a$c2022/05/30$ecmartinez$gupgrade

