=LDR  01138cam a22003373a 4500
=001  687401
=005  20220426180012.0
=008  860609r1910uuuuhu\af\\\\b\\\\001\0\ger\d
=035  \\$a(OCoLC)ocm13707048
=035  \\$a687401
=040  \\$aANS$beng$cANS$dSMI$dOCLCQ$dAGL$dOCLCQ$dOCLCF$dOCLCQ$dOCLCO$dOCLCQ$dAGL
=016  7\$aCAT11026999$2DNAL
=029  1\$aZWZ$b030252571
=070  0\$a428$bB38C
=049  \\$aAGLL
=072  \0$aL000
=072  \0$aL001
=100  1\$aBecker, Theodor.
=245  10$aChloropidae.$nTeil I,$pPalaärktische Region :$bEine monographische Studie /$cvon Theodor Becker.
=300  \\$apages [33]-174, [197]-199, [2] leaves of plates ;$c31 cm
=336  \\$atext$btxt$2rdacontent
=337  \\$aunmediated$bn$2rdamedia
=338  \\$avolume$bnc$2rdacarrier
=490  1\$aArchivum zoologicum ;$vv. 1, no 10, 15
=504  \\$aIncludes bibliographical references and index.
=650  \0$aChloropidae.
=650  \7$aChloropidae.$2fast$0(OCoLC)fst00858228
=830  \0$aArchivum zoologicum ;$vv. 1, no 10, 15.
=930  \\$a20220426$b00000000$c00000000
=946  \\$aNon-US
=959  \\$a$c2022/04/26$ecmartinez$gupgrade


