=LDR  01375cam a2200373Mi 4500
=001  693082
=005  20220921180048.0
=008  950310s1929\\\\gw\bd\\\\m\\\\000\0\ger\d
=035  \\$a(OCoLC)on1289108253
=035  \\$a693082
=040  \\$aAGL$beng$cAGL$dAGL
=016  7\$aCAT10971733$2DNAL
=043  \\$ae-gx---
=070  0\$a281.175$bW12
=072  \0$aE100
=049  \\$aAGLL
=100  1\$aWagner, Helmut,$d1902-
=242  10$aBusiness analysis of a 10 hectare farm in the municipality of Berlichingen (Jagst) /$cHelmut Wagner.$yeng
=245  10$aBetriebswirtschaftliche Untersuchung eines bäuerlichen Betriebes von 10 ha in der Gemeinde Berlichingen <Jagst> /$cHelmut Wagner.
=264  \1$aPlieningen-Stuttgart :$bFind,$c1929.
=300  \\$a73 pages,$bcharts, maps
=336  \\$atext$btxt$2rdacontent
=337  \\$aunmediated$bn$2rdamedia
=338  \\$avolume$bnc$2rdacarrier
=502  \\$aHohenheim, Landwirtschaftl. Hochsch., Diss., 1929
=650  \0$aAgriculture$xEconomic aspects$zGermany.
=650  \0$aCommercial statistics.
=650  \3$aagricultural economics.
=650  \7$aAgriculture$xEconomic aspects.$2fast$0(OCoLC)fst00801415
=650  \7$aCommercial statistics.$2fast$0(OCoLC)fst00869640
=651  \7$aGermany.$2fast$0(OCoLC)fst01210272
=930  \\$a20220921$b00000000$c00000000
=946  \\$aNon-US
=959  \\$a$c2022/09/21$ecmartinez$gupgrade


