=LDR  01947cam a2200493Mi 4500
=001  686790
=005  20220620180004.0
=008  950215s1926\\\\cc\\\\\\\\\\\u000\0\chi\d
=035  \\$a(OCoLC)ocm71075651
=035  \\$a686790
=065  \\$a686790
=040  \\$aAGL$beng$cAGL$dOCLCO$dOCLCQ$dAGL
=016  7\$aCAT10917244$2DNAL
=070  0\$a72$bN152
=072  \0$aF120
=049  \\$aAGLL
=110  1\$6880-01$aNanjing (Jiangsu Sheng, China).$bNational Central University.$bCollege of Agriculture.$bCotton Improvement Committee. Nánjīng (zhōngguó jiāngsū shěng).$bguólì zhōngyāng dàxué.$bnóng xuéyuàn.$bmiánhuā gǎiliáng wěiyuánhuì.
=242  00$aHow to grow cotton.$yeng
=242  00$aPopular journal of cotton cultivation.$yeng
=245  10$aChung mein sen shuo.
=246  10$6880-02$a(Rúhé zhòngzhí miánhuā) = (How to grow cotton).
=264  \0$c1926.
=300  \\$a10 pages ;$c22 cm
=336  \\$atext$btxt$2rdacontent
=337  \\$aunmediated$bn$2rdamedia
=338  \\$avolume$bnc$2rdacarrier
=500  \\$aChinese.
=650  \0$aCotton textile industry$xDevelopment$zChina.
=650  \0$aCotton growing$xDevelopment$zChina$xHistory.
=650  \0$aCotton farmers$xEducation$zChina.
=650  \3$afield crops.
=650  \3$acrop production.
=650  \3$aagronomy.
=650  \7$aCotton farmers.$2fast$0(OCoLC)fst00880966
=650  \7$aCotton growing.$2fast$0(OCoLC)fst00880982
=650  \7$aCotton textile industry.$2fast$0(OCoLC)fst00881056
=651  \7$aChina.$2fast$0(OCoLC)fst01206073
=655  \7$aHistory.$2fast$0(OCoLC)fst01411628
=710  1\$aNanjing (Jiangsu Sheng, China)
=880  1\$6110-01$a南京（中國江蘇省）。$b國立中央大學。$b農學院。$b棉花改良委員會。
=880  10$6246-02$a（如何種植棉花）。
=930  \\$a20220620$b00000000$c00000000
=946  \\$aNon-US
=959  \\$a$c2022/06/14$ecmartinez$gupgrade


