=LDR  02292cam a2200517Ia 4500
=001  707517
=005  20220527083514.0
=008  950316s1921\\\\dcu\\\\\\\\\\f000\0\eng\d
=035  \\$a(OCoLC)ocm42901730
=035  \\$a707517
=040  \\$aSEN$beng$cSEN$dAGL$dWAU$dOCLCQ$dOCLCF$dOCLCO$dAGL
=016  7\$aCAT10931757$2DNAL
=043  \\$an-us---
=070  0\$a212$bUn3We
=072  \0$aQ004
=072  \0$aR000
=072  \0$aX000
=086  0\$aY 4.C 66:F 66/3-
=049  \\$aAGLL
=110  1\$aUnited States.$bCongress.$bHouse.$bCommittee on Coinage, Weights, and Measures.
=245  10$aWeights and measures for flour-mill and corn-mill products, etc. :$bhearings before the Committee on Coinage, Weights, and Measures, Sixty-seventh Congress, first session, on H.R. 4901, a bill to establish the standard of weights and measures for the following wheat-mill and corn-mill products, namely, flours, hominy grits, and meals, and all commercial feeding stuffs, and for other purposes.
=246  17$aWeights and measures for flour-mill products, etc.
=260  \\$aWashington :$bG.P.O.,$c1921.
=300  \\$a3 volumes (50 pages) ;$c23 cm
=336  \\$atext$btxt$2rdacontent
=337  \\$aunmediated$bn$2rdamedia
=338  \\$avolume$bnc$2rdacarrier
=500  \\$aPaged continuously.
=500  \\$aHearings held May 6, May 20, and June 3, 1921.
=650  \0$aFlour$xWeights and measures.
=650  \0$aCorn meal$xWeights and measures.
=650  \0$aFlour industry$xLaw and legislation$zUnited States.
=650  \0$aCorn products industry$xLaw and legislation$zUnited States.
=650  \3$ainformation sources.
=650  \3$aforage and feed science.
=650  \3$afeeds.
=650  \3$aplant-based foods.
=650  \3$afield crops.
=651  \7$aUnited States.$2fast$0(OCoLC)fst01204155
=655  \3$aInternet resource
=776  08$iOnline version:$aUnited States. Congress. House. Committee on Coinage, Weights, and Measures.$tWeights and measures for flour-mill and corn-mill products, etc.$dWashington : G.P.O., 1921$w(OCoLC)652309333
=856  41$3Google$uhttp://books.google.com/books?id=IXtcgs1azN8C
=930  \\$a20220527$b00000000$c00000000
=945  \\$ameasures flourmill cornmill products
=946  \\$aOther US
=959  \\$a$c2022/05/27$ecmartinez$gupgrade

