=LDR  01452cam a2200373Ma 4500
=001  707749
=005  20220516083517.0
=008  950316s1875\\\\ne\\\\\\\d\\\\000\0\dut\d
=016  7\$aCAT10969438$2DNAL
=035  \\$a(OCoLC)ocn880967337
=035  \\$a707749
=040  \\$aAUD$beng$cAUD$dOCLCO$dOCLCF$dOCLCQ$dOCLCO$dAGL
=041  0\$adut$aeng
=049  \\$aAGLL
=070  0\$a201.5$bC12 Ed.12
=072  \0$aX000
=100  1\$aCalisch, I. M.$q(Isaac Marcus),$d1808-1884.
=242  00$aNew English dictionary :$bDutch-English - English-Dutch.$yeng
=245  10$aNieuw volledig Nederlandsch-Engelsch en Engelsch-Nederlandsch woordenboek =$bNew complete dictionary of the English and Dutch languages : English and Dutch /$cdoor I.M. Calisch.
=246  31$aNew complete dictionary of the English and Dutch languages
=260  \\$aTiel :$bCampagne,$c1875.
=300  \\$a2 volumes ;$c25 cm
=336  \\$atext$btxt$2rdacontent
=337  \\$aunmediated$bn$2rdamedia
=338  \\$avolume$bnc$2rdacarrier
=650  \0$aDutch language$vDictionaries$xEnglish.
=650  \0$aEnglish language$vDictionaries$xDutch.
=650  \7$aDutch language.$2fast$0(OCoLC)fst00899732
=650  \7$aEnglish language.$2fast$0(OCoLC)fst00910920
=650  \3$ainformation sources$9auto-assigned by category code
=655  \7$aDictionaries.$2fast$0(OCoLC)fst01423826
=930  \\$a20220516$b00000000$c00000000
=946  \\$aNon-US
=959  \\$a$c2022/05/11$ecmartinez$gupgrade

