=LDR  01342cam a2200349Ia 4500
=001  691808
=005  20221008180039.0
=008  950310s1926\\\\idub\\\\\\\\\\000\0\eng\d
=035  \\$a(OCoLC)ocm49538114
=035  \\$a691808
=040  \\$aOIS$beng$cOIS$dNTD$dOCLCQ$dAGL$dOCLCQ$dOCLCO$dOCLCA$dAGL
=043  \\$an-us-id
=016  7\$aCAT10906338$2DNAL
=070  0\$a281.2$bId1
=072  \0$aE100
=049  \\$aAGLL
=245  00$aEconomic survey of Idaho agriculture :$bprogress report.
=246  3\$aEconomic survey of Idaho agriculture report of progress
=260  \\$aBoise, Idaho :$bAgricultural Experiment Station and Extension Service, Idaho State Dept. of Agriculture and U.S. Dept. of Agriculture,$c1926.
=300  \\$a14 leaves :$bmaps ;$c28 cm
=336  \\$atext$btxt$2rdacontent
=337  \\$aunmediated$bn$2rdamedia
=338  \\$avolume$bnc$2rdacarrier
=500  \\$aJune 10, 1926.
=650  \0$aAgriculture$xEconomic aspects$zIdaho.
=650  \3$aagricultural economics$9auto-assigned by category code
=710  2\$aUniversity of Idaho.$bAgricultural Experiment Station and Extension Service.
=710  1\$aIdaho.$bDepartment of Agriculture.
=710  1\$aUnited States.$bDepartment of Agriculture.
=930  \\$a20221008$b00000000$c00000000
=946  \\$aState experiment station
=959  \\$a$c2022/09/28$ecmartinez$gupgrade

