=LDR  01828cam a2200469 i 4500
=001  694740
=005  20220425180020.0
=008  950310s1936\\\\gau\\\\\\s\\\s000\0\eng\d
=035  \\$a(OCoLC)ocm71079756
=035  \\$a694740
=040  \\$aAGL$beng$cAGL$dEEM$dUIU$dOCLCF$dOCLCQ$dOCLCA$dOCLCQ$dOCLCO
=016  7\$aCAT10905056$2DNAL
=043  \\$an-us-ga
=070  0\$a281.019$bG292
=072  \0$aE100
=072  \0$aA500
=049  \\$aAGLL
=110  2\$aGeorgia Experiment Station.
=245  10$aAgriculture adjustment research /$cstatistics compiled by J.C. Elrod ...
=260  \\$c1936.
=300  \\$a67 pages ;$c22 cm
=336  \\$atext$btxt$2rdacontent
=337  \\$aunmediated$bn$2rdamedia
=338  \\$avolume$bnc$2rdacarrier
=500  \\$aPrimarily statistical tables.
=500  \\$a"The object of this study was to recommend for Georgia a system of agriculture that would maintain soil fertility, prevent erosion, and promote a sound farm management program."
=590  \\$aAlso with 100 G29S Bull. 192-199.
=650  \0$aFarm management$zGeorgia$vStatistics.
=650  \0$aSoils$zGeorgia$vStatistics.
=650  \0$aLand capability for agriculture$zGeorgia$vStatistics.
=650  \7$aFarm management.$2fast$0(OCoLC)fst00921070
=650  \7$aLand capability for agriculture.$2fast$0(OCoLC)fst00991233
=650  \7$aSoils.$2fast$0(OCoLC)fst01124682
=650  \3$amethodology$9auto-assigned by category code
=650  \3$aagricultural research$9auto-assigned by category code
=650  \3$aagricultural economics$9auto-assigned by category code
=651  \7$aGeorgia.$2fast$0(OCoLC)fst01204622
=655  \7$aStatistics.$2fast$0(OCoLC)fst01423727
=700  1\$aElrod, J. C.
=930  \\$a20220425$b00000000$c00000000
=946  \\$aState experiment station
=959  \\$a$c2022/04/23$ecmartinez$gupgrade

