=LDR  01387cam a2200385Mi 4500
=001  691458
=005  20220512083512.0
=008  950309s1925\\\\xx\\\\\\\\\\\\000\0\eng\d
=035  \\$a(OCoLC)ocm71077748
=035  \\$a691458
=040  \\$aAGL$beng$cAGL$dOCLCO$dOCLCQ$dOCLCO$dAGL
=016  7\$aCAT10904745$2DNAL
=070  0\$a281$bC35S
=072  \0$aE200
=072  \0$aE100
=049  \\$aAGLL
=110  2\$aChamber of Commerce of the United States of America.$bAgricultural Service Department.
=245  12$aA survey of agricultural activities by chambers of commerce :$bpreliminary report.
=264  \0$c[1925]
=300  \\$a18 leaves
=336  \\$atext$btxt$2rdacontent
=337  \\$aunmediated$bn$2rdamedia
=338  \\$avolume$bnc$2rdacarrier
=590  \\$aHave also Organization set-up by chambers of commerce for agricultural work. Issued by Agricultural bureau.
=650  \0$aAgriculture$xEconomic aspects$zUnited States.
=650  \0$aMicroeconomics.
=650  \0$aFarm management.
=650  \3$amicroeconomics$9auto-assigned by category code
=650  \3$afarm management$9auto-assigned by category code
=650  \3$aagricultural economics$9auto-assigned by category code
=930  \\$a20220512$b00000000$c00000000
=939  \\$a20090526$b20090608$c00000000
=946  \\$aOther US
=959  \\$a$c2022/05/12$ecmartinez$gupgrade
=959  \\$a$c2009/05/26$essouder$gap

