=LDR  00695cam a2200277M  4500
=001  671758
=005  20220410083514.0
=008  900401s1929\\\\xx\\\\\\\\\\\\000\0\eng\d
=035  \\$a671758
=040  \\$aAGL$beng$cAGL$dOCLCQ
=016  7\$aCAT30671758$2DNAL
=035  \\$a(OCoLC)71065677
=049  \\$aRQIA
=070  0\$a464.06$bT13
=072  \0$aF110
=072  \0$aF830
=100  1\$aTai, Fang-lan.
=245  10$a[Apple rust and its control].
=260  \\$c[1929]
=300  \\$apages 1463-1480
=336  \\$atext$btxt$2rdacontent
=337  \\$aunmediated$bn$2rdamedia
=338  \\$avolume$bnc$2rdacarrier
=591  \\$bNAL Reclamation
=930  \\$a20220410$b00000000$c00000000
=946  \\$aOther US

