=LDR  01856cam a22004691i 4500
=001  702872
=005  20220417083516.0
=008  950314s1902\\\\xx\\\\\\\\\\\l000\0\eng\d
=035  \\$a(OCoLC)ocm71084870
=035  \\$a702872
=040  \\$aAGL$beng$cAGL$dOCLCO$dOCLCQ$dAGL
=016  7\$aCAT10702872$2DNAL
=070  0\$a287$bSa21A
=072  \0$aE700
=072  \0$aQ200
=049  \\$aAGLL
=110  2\$aMerchants' Exchange of St. Louis.
=245  10$aArticles of association, rules, bylaws and regulations :$balso regulations governing the inspection of flour, provisions, seeds, castor beans and hay /$cIn force, December 1st, 1902.
=260  \\$c[1902]
=300  \\$a82 pages
=336  \\$atext$btxt$2rdacontent
=337  \\$aunmediated$bn$2rdamedia
=338  \\$avolume$bnc$2rdacarrier
=500  \\$aIn force December 1st, 1902. [1902] (82 pages.).
=610  20$aMerchants' Exchange of St. Louis$xPeriodicals.
=650  \0$aCommodity exchanges$zUnited States.
=650  \0$aCommodity exchanges$zMissouri$zSaint Louis.
=650  \0$aCommodity exchanges$zMissouri$zSaint Louis$vStatistics.
=650  \3$afood contamination$9auto-assigned by category code
=650  \3$amarketing$9auto-assigned by category code
=650  \3$adistribution (economics)$9auto-assigned by category code
=650  \3$aagricultural economics$9auto-assigned by category code
=650  \3$aagribusiness$9auto-assigned by category code
=651  \7$aUnited States.$2fast$0(OCoLC)fst01204155
=650  \7$aCommodity exchanges.$2fast$0(OCoLC)fst00869717
=651  \7$aMissouri$zSaint Louis.$2fast$0(OCoLC)fst01204930
=655  \3$aagribusiness
=655  \7$aPeriodicals.$2fast$0(OCoLC)fst01411641
=655  \7$aStatistics.$2fast$0(OCoLC)fst01423727
=930  \\$a20220417$b00000000$c00000000
=946  \\$aOther US
=959  \\$a$c2022/04/16$ecmartinez$gupgrade

