=LDR  02381cam a2200505 i 4500
=001  697653
=005  20220717180007.0
=008  950313s1930\\\\dcu\\\\\\\\\\f001\0\eng\\
=010  \\$a   44017162 
=035  \\$a(OCoLC)ocm04525509
=035  \\$a697653
=040  \\$aDLC$beng$erda$cCOO$dDLC$dAGL$dOCLCQ$dCLU$dOCLCF$dOCLCQ$dOCLCO$dFUG$dOCL$dOCLCO$dAGL
=016  7\$aCAT10908168$2DNAL
=029  1\$aAU@$b000026247103
=042  \\$apcc
=043  \\$an-us---
=070  0\$a282.2$bUn34
=072  \0$aE500
=072  \0$aD500
=086  0\$aY 4.Im 6/2:Su 8
=049  \\$aAGLL
=110  1\$aUnited States.$bCongress.$bSenate.$bCommittee on Immigration,$eauthor.
=245  10$aSuspension for two years of general immigration into the United States :$bhearings before the Committee on Immigration, United States Senate, Seventy-first Congress, third session, on S.J. Res. 207, a joint resolution to suspend for a period of two years general immigration into the United States, December 15, 16, and 18, 1930.
=264  \1$aWashington, D.C. :$bUnited States Government Printing Office,$c1930.
=300  \\$aiii, 132 pages ;$c24 cm
=336  \\$atext$btxt$2rdacontent
=337  \\$aunmediated$bn$2rdamedia
=338  \\$avolume$bnc$2rdacarrier
=500  \\$aCover title.
=500  \\$aArthur R. Gould, chairman.
=650  \3$alaws and regulations$9auto-assigned by category code
=650  \3$arural sociology$9auto-assigned by category code
=650  \3$arural economics$9auto-assigned by category code
=651  \0$aUnited States$xEmigration and immigration$xGovernment policy.
=650  \0$aEmigration and immigration law$zUnited States.
=650  \7$aEmigration and immigration$xGovernment policy.$2fast$0(OCoLC)fst00908700
=650  \7$aEmigration and immigration law.$2fast$0(OCoLC)fst00908736
=651  \7$aUnited States.$2fast$0(OCoLC)fst01204155
=655  \7$aLegislative hearings.$2fast$0(OCoLC)fst01910825
=655  \7$aLegislative hearings.$2lcgft
=655  \7$aAudiences législatives.$2rvmgf$0(CaQQLa)RVMGF-000001453
=776  08$iOnline version:$aUnited States. Congress. Senate. Committee on Immigration.$tSuspension for Two Years of General Immigration into the United States.$dWashington : U.S. Govt. Print. Off., 1930$w(OCoLC)844604998
=930  \\$a20220717$b00000000$c00000000
=946  \\$aOther US
=959  \\$a$c2022/07/17$ecmartinez$gupgrade


