=LDR  01785cam a2200433 a 4500
=001  691852
=005  20220701180012.0
=008  950310s1913\\\\vtu\\\\\\b\\\\100\0\eng\d
=010  \\$ae  14000237 
=016  7\$aCAT10906382$2DNAL
=035  \\$a(OCoLC)ocm15158197
=035  \\$a691852
=040  \\$aSDB$beng$cSDB$dBUF$dYUS$dOCLCQ$dOCLCF$dOCLCQ$dOCLCO$dOCLCA$dOCLCO$dOCLCQ$dAGL
=019  \\$a47635513
=043  \\$an-us-vt
=049  \\$aAGLL
=070  0\$a281.2$bM58
=072  \0$aE500
=111  2\$aRural Life Conference$d(1913 :$cMiddlebury, Vt.)
=245  10$aAddresses given at the Rural Life Conference, Middlebury College, July 7 to 13, 1913 /$ccompiled by Raymond McFarland.
=260  \\$aMiddlebury, Vt. :$b[publisher not identified],$c1913.
=300  \\$a48 pages ;$c20 cm
=336  \\$atext$btxt$2rdacontent
=337  \\$aunmediated$bn$2rdamedia
=338  \\$avolume$bnc$2rdacarrier
=490  1\$aMiddlebury College bulletin ;$v8, no. 2
=504  \\$aIncludes bibliographical references (pages 38-48).
=650  \0$aCountry life$zVermont.
=650  \7$aCountry life.$2fast$0(OCoLC)fst00881405
=650  \3$arural sociology$9auto-assigned by category code
=650  \3$arural economics$9auto-assigned by category code
=651  \7$aVermont.$2fast$0(OCoLC)fst01204305
=700  1\$aMcFarland, Raymond,$d1872-1944.
=710  2\$aInterchurch Federation (Vt.)
=776  08$iOnline version:$aRural Life Conference (1913 : Middlebury, Vt.).$tAddresses given at the Rural Life Conference, Middlebury College, July 7 to 13, 1913.$dMiddlebury, Vt. : [publisher not identified], 1913$w(OCoLC)957141229
=830  \0$aMiddlebury College bulletin ;$v8, no. 2.
=930  \\$a20220701$b00000000$c00000000
=946  \\$aOther US
=959  \\$a$c2022/06/08$ecmartinez$gupgrade

