=LDR  02089cam a22004931  4500
=001  701436
=005  20220706180012.0
=008  950314s1937\\\\orua\\\\\b\\\s000\0\eng\\
=010  \\$a   37027612 
=035  \\$a(OCoLC)ocm07450326
=035  \\$a701436
=040  \\$aDLC$beng$cDLC$dWAU$dAGL$dSTF$dOCLCF$dOCLCO$dOCLCA$dOCLCQ$dOCLCO$dOCLCQ$dOCLCA$dOCLCO$dAGL
=016  7\$aCAT10910200$2DNAL
=029  1\$aAU@$b000027088551
=042  \\$apremarc
=043  \\$an-us-or
=070  0\$a284.5$bOr36
=072  \0$aK001
=072  \0$aE100
=049  \\$aAGLL
=110  1\$aOregon.$bSpecial Committee on Timber Taxation.
=245  10$aOregon's timber taxation problems and recommendations toward their solution.$bA report submitted to Honorable Charles H. Martin, governor of Oregon, and to the Legislative assembly. January, 1937.$cBy Special Committee on Timber Taxation appointed by the governor.
=260  \\$a[Salem],$c[1937]
=300  \\$a40 pages$btables, diagrams$c23 cm
=336  \\$atext$btxt$2rdacontent
=337  \\$aunmediated$bn$2rdamedia
=338  \\$avolume$bnc$2rdacarrier
=500  \\$aCharles V. Galloway, chairman.
=504  \\$aIncludes bibliographical references (page 40).
=530  \\$aAlso issued online.
=650  \0$aTaxation$zOregon.
=650  \0$aTimber$zOregon.
=650  \7$aTaxation.$2fast$0(OCoLC)fst01143876
=650  \7$aTimber.$2fast$0(OCoLC)fst01150988
=650  \3$aagricultural economics$9auto-assigned by category code
=650  \3$aforestry$9auto-assigned by category code
=651  \7$aOregon.$2fast$0(OCoLC)fst01204579
=655  \3$aInternet resource
=700  1\$aGalloway, Charles V.$q(Charles Vernon),$d1878-1974.
=776  08$iOnline version:$aOregon. Special Committee on Timber Taxation.$tOregon's timber taxation problems and recommendations toward their solution.$d[Salem, 1937]$w(OCoLC)596337309
=856  41$3HathiTrust Digital Library, Full view$uhttp://catalog.hathitrust.org/api/volumes/oclc/7450326.html
=930  \\$a20220706$b00000000$c00000000
=946  \\$aOther US
=959  \\$a$c2022/07/05$ecmartinez$gupgrade

