=LDR  01349cam a2200397 a 4500
=001  697176
=005  20220921180050.0
=008  950313s1913\\\\orub\\\\\\\\\\000\0\eng\d
=035  \\$a(OCoLC)ocm18396238
=035  \\$a697176
=040  \\$aWAU$beng$cWAU$dOCLCQ$dWRJ$dAGL$dOCLCQ$dOCLCF$dOCLCQ$dOCLCO$dOCLCA$dOCLCO$dOCLCQ$dAGL
=016  7\$aCAT10907537$2DNAL
=043  \\$an-us-or$an-us-wa
=070  0\$a282$bOr32
=072  \0$aP300
=049  \\$aAGLL
=245  00$aPublic lands in Oregon and Washington.
=260  \\$aPortland, Or. :$bOregon-Washington Railroad & Navigation Co.,$c[1913?]
=300  \\$a15 pages :$bmap ;$c23 cm
=336  \\$atext$btxt$2rdacontent
=337  \\$aunmediated$bn$2rdamedia
=338  \\$avolume$bnc$2rdacarrier
=500  \\$aCover title.
=500  \\$a"Pub. No. 10-2-20-13-10M"--Page 4 of cover
=650  \0$aPublic lands$zOregon.
=650  \0$aPublic lands$zWashington (State)
=650  \3$anatural resources.
=650  \3$aland resources.
=650  \3$aland management.
=650  \7$aPublic lands.$2fast$0(OCoLC)fst01082573
=651  \7$aOregon.$2fast$0(OCoLC)fst01204579
=651  \7$aWashington (State)$2fast$0(OCoLC)fst01204703
=710  2\$aOregon-Washington Railroad and Navigation Company.
=930  \\$a20220921$b00000000$c00000000
=946  \\$aOther US
=959  \\$a$c2022/09/03$ecmartinez$gupgrade

