=LDR  02156cam a22005297  4500
=001  688460
=005  20220824083508.0
=008  950227s1934\\\\gw\\\\\\\bm\\\000\0\ger\d
=035  \\$a(OCoLC)ocm26482351
=035  \\$a688460
=040  \\$aZCU$beng$cZCU$dOCLCQ$dAGL$dOCLCQ$dOCLCO$dOCLCF$dOCLCQ$dOCLCO$dZD0$dOCLCO$dAGL
=016  7\$aCAT11053379$2DNAL
=019  \\$a1272242277$a1272715500
=029  1\$aDEBSZ$b072005718
=043  \\$ae-gx---
=070  0\$a99.04$bH51
=072  \0$aB500
=072  \0$aK001
=049  \\$aAGLL
=100  1\$aHeymer, Paul,$d1903-
=242  10$aWestphalian forest management since the beginning of the 19th century.$yeng
=245  14$aDie Westfälische Waldwirtschaft seit beginn des 19. jahrhunderts /$cvon Paul Heymer ...
=260  \\$aBottrop i.W.,$bPostberg,$c1934.
=300  \\$axi, 72 pages ;$c21 cm
=336  \\$atext$btxt$2rdacontent
=337  \\$aunmediated$bn$2rdamedia
=338  \\$avolume$bnc$2rdacarrier
=588  0\$aOnline version record.
=502  \\$bdoctoral$cUniversitat Köln
=504  \\$aIncludes bibliographical references (pages v-x).
=650  \0$aForest management$y19th century.
=650  \0$aForests and forestry$zGermany$zWestphalia.
=650  \7$aForest management.$2fast$0(OCoLC)fst00932231
=650  \7$aForests and forestry.$2fast$0(OCoLC)fst00932632
=650  \3$aforestry$9auto-assigned by category code
=650  \3$aagricultural history$9auto-assigned by category code
=651  \7$aGermany$zWestphalia.$2fast$0(OCoLC)fst01209818
=648  \7$a1800-1899$2fast
=655  \7$aAcademic theses.$2fast$0(OCoLC)fst01726453
=655  \7$aHochschulschrift.$2gnd-content
=655  \7$aAcademic theses.$2lcgft
=655  \7$aThèses et écrits académiques.$2rvmgf$0(CaQQLa)RVMGF-000001173
=776  08$iOnline version:$aHeymer, Paul, 1903-$tWestfalische Waldwirtschaft feit Beginn des 19. Jahrhunderts.$d1934$w(OCoLC)908814912
=856  41$3HathiTrust Digital Library, Limited view (search only)$uhttp://catalog.hathitrust.org/api/volumes/oclc/843336714.html
=930  \\$a20220824$b00000000$c00000000
=946  \\$aNon-US
=959  \\$a$c2022/08/23$ecmartinez$gupgrade


