=LDR  01957cas a22004937a 4500
=001  698654
=005  20220710083503.0
=008  950313d191819uuorugr\\\\s\\\s0\\\\0eng\d
=010  \\$a  2002260526
=016  7\$aCAT10909362$2DNAL
=035  \\$a(OCoLC)ocm47186556
=035  \\$a698654
=040  \\$aNYP$beng$cNYP$dORU$dOCLCQ$dOCLCO$dOCLCA$dOCLCF$dOCLCA$dAGL
=042  \\$amsc
=043  \\$an-us-or
=049  \\$aAGLL
=070  0\$a284.29$bOr3
=072  \0$aE100
=110  1\$aOregon.$bRural Credits Department.
=245  10$aReport /$cRural Credits Department of the State Land Board.
=260  \\$aSalem, Or. :$bState Printing Department,$c1918-
=300  \\$avolumes :$billustrations ;$c23 cm
=310  \\$aBiennial
=336  \\$atext$btxt$2rdacontent
=337  \\$aunmediated$bn$2rdamedia
=338  \\$avolume$bnc$2rdacarrier
=362  0\$a1st (Feb. 20, 1917 to Sept. 30, 1918)
=530  \\$aAlso available online.
=588  1\$a27th (October 1, 1922 to September 30, 1924)
=590  \\$a1918/19-23/24 in 252.71 St2.
=590  \\$a1918/19 - 1923/24 with Oregon - State Land Board. Biennial report.
=650  \0$aRural credit$zOregon$vStatistics.
=610  10$aOregon.$bRural Credits Department$vStatistics.
=610  17$aOregon.$bRural Credits Department.$2fast$0(OCoLC)fst01839495
=650  \7$aRural credit.$2fast$0(OCoLC)fst01101484
=650  \3$aagricultural economics$9auto-assigned by category code
=651  \7$aOregon.$2fast$0(OCoLC)fst01204579
=655  \7$aStatistics.$2fast$0(OCoLC)fst01423727
=785  04$aOregon. State Land Board.$tBiennial report of the State Land Board$w(OCoLC)25815544
=856  41$327th biennial report$uhttps://hdl.handle.net/2027/uc1.{dollar}b699887
=856  41$31st -26th biennial report$uhttps://hdl.handle.net/2027/uc1.{dollar}b699886?urlappend=%3Bseq=111%3Bownerid=9007199274922902-115
=930  \\$a20220710$b00000000$c00000000
=946  \\$aOther US
=959  \\$a$c2022/07/06$ecmartinez$gupgrade

