=LDR  04833cam a2200505 i 4500
=001  693043
=005  20220609180051.0
=008  950310s1910\\\\gw\\\\\\\\\\\\000\0\eng\d
=035  \\$a(OCoLC)on1289075248
=035  \\$a693043
=040  \\$aAGL$beng$cAGL$dAGL$dOCLCO$dAGL
=016  7\$aCAT10971694$2DNAL
=041  \\$ager$heng
=043  \\$ae-gx---
=070  0\$a281.175$bSa1
=072  \0$aE200
=049  \\$aAGLL
=100  1\$aSagawe, Berthold.
=242  00$aOperating conditions of a Brandenburg economy$yeng
=245  10$aBetriebsverhältnisse einer märkischen Wirtschaft /$cBerthold Sagawe.
=264  \1$aLangensalza :$bBeyer,$c1910.
=300  \\$a93 pages :$b4 pages of plates.
=336  \\$atext$btxt$2rdacontent
=337  \\$aunmediated$bn$2rdamedia
=338  \\$avolume$bnc$2rdacarrier
=500  \\$aAus: Mitteilungen d. landw. Institute d. Universiẗat Breslau. Bd. 6. = University thesis From: Communications d. agricultural institutes
=500  \\$aUniversity thesis From: Communications d. agricultural institutes
=502  \\$aBreslau, Phil. Diss. Aug. 17, 1910, Ref. Waterstradt.
=502  \\$bdoctoral$cRoyal University of Wroclaw$d1910
=650  \0$aWork environment$zGermany$zBrandenburg (State)
=650  \0$aIndustries$xSocial aspects$zGermany$zBrandenburg (State)
=650  \3$amicroeconomics.
=650  \3$afarm management.
=650  \3$aagricultural economics.
=651  \7$aGermany$zBrandenburg (State)$2fast$0(OCoLC)fst01259114
=655  \7$aAcademic theses.$2fast$0(OCoLC)fst01726453
=655  \7$auniversity thesis$0(DE-588)4113937-9.$2gnd
=655  \7$aAcademic theses.$2lcgft
=655  \7$aThèses et écrits académiques.$2rvmgf$0(CaQQLa)RVMGF-000001173
=856  41$uhttp://www.ub.uni-koeln.de/permalink/2017/01/katkey:6164190$xDigitized$zFree of charge
=880  \\$6505-00$aInhalt. Seite I. Beschreibung des Betriebes 1 1. Allgemeine Betriebsbedingungen 1 a) Natürliche Bedingungen 1 b) "Wirtschaftliche Bedingungen 2 2. Spezielle Betriebsbedingungen 3 3. Grundzüge der späteren Entwicklung 3 4. Entwicklung der Hauptzweige des Betriebes 5 a) Ackerbau 5 a) Getreidebau 7 ss) Hackfruchtbau 14 γ) Kleebau und "Wiesen 18 b) Nutzviehhaltung 19 5. Organisation im ganzen " 22 a) Arbeiterverhältnisse 22 b) Die tierischen Arbeitskräfte 25 c) Maschinen und Geräte 26 d) Gebäudestand 27 e) Gesamtaufwand 28 f) Geldroherträge 28 o) Einnahmen aus Ackerbau 28 ss) Einnahmen aus Viehhaltung 30 , g) Reinertrag 32 b.) Betriebsleitung 32 i) Buchführung 32 6. Zusammenfassung des Entwicklungsganges des Betriebes 33 7. bi wieweit entspricht der Betrieb dem Typus der märkischen Brennereiwirtschaften ? 34 Π. Schlussfolgerungen 37 1. "Wie verhalten sich Aufwand und Ertrag bei den verschiedenen Pflanzen zueinander? 37 2. Rentabilität der Nutzviehhaltung 44 3. Einfluss der Verkehrslage auf den Reinertrag 46 4. Einfluss der inneren wirtschaftlichen Lage 48 5. Arbeitsverteilung 49 6. Vergleich zwischen Pferdearbeit und Ochsenarbeit 50 7. Statische Berechnungen 51 8. Verhältnis von Geldrohertrag und Aufwand 56 9. Der Anteil der einzelnen Betriebszweige am Rohertrage 57 10. "Wahrscheinliche Ernteschwankungen der verschiedenen Früchte 58 11. Ernte und "Witterung 61 Tabellen 84
=880  \\$6505-00$afull text content (translated from German). Page I. Description of the farm 1 1. General operating conditions 1 a) Natural conditions 1 b) "Economic conditions 2 2. Special operating conditions 3 3. Main features of later development 3 4. Development of the main branches of the operation 5 a) Arable farming 5 a) Grain growing 7 ss) Root crop cultivation 14 γ) Clover cultivation and "meadows 18 b) Livestock husbandry 19 5. Organization as a whole" 22 a) Labor relations 22 b) The animal labor force 25 c) Machinery and equipment 26 d) Building status 27 e) Total expenditure 28 f) Gross cash earnings 28 o) Income from arable farming 28 ss) Income from animal husbandry 30 g) Net income 32 b.) Management 32 i) Accounting 32 6. Summary of the course of development of the business 33 7. To what extent does the business correspond to the type of Brandenburg distillery? Conclusions 37 1. "How do effort and yield relate to each other for the different plants? 37 2. Profitability of livestock farming 44 3. Influence of the traffic situation on the net income 46 4. Influence of the internal economic situation 48 5. Distribution of labor 49 6. Comparison between horse work and ox work 50 7. Static calculations 51 8. Ratio of gross income and expenditure 56 9 The share of the individual business branches in the gross yield 57 10. "Probable harvest fluctuations of the various fruits 58 11. Harvest and "weather conditions 61 Tables 84
=930  \\$a20220609$b00000000$c00000000
=946  \\$aNon-US
=959  \\$a$c2022/06/09$ecmartinez$gupgrade


