=LDR  01573cam a2200421Mi 4500
=001  705023
=005  20220411180013.0
=008  950315s1939\\\\xx\\\\\\\\\\\f000\0\eng\d
=040  \\$aAGL$beng$cAGL$dAGL
=016  7\$aCAT10705023$2DNAL
=035  \\$a(OCoLC)on1289104049
=035  \\$a705023
=043  \\$an-us---
=070  0\$a165$bSch2
=072  \0$aX800
=072  \0$aX700
=049  \\$aAGLL
=110  2\$aUnited States Civil Service Commission.
=245  10$aSchematic outline and definitions of occupational groups and series of classes established under the departmental classification system.
=264  \1$aWashington, D.C.,$c1939.
=300  \\$a1 volume$c29 cm
=336  \\$atext$btxt$2rdacontent
=337  \\$aunmediated$bn$2rdamedia
=338  \\$avolume$bnc$2rdacarrier
=500  \\$aAt head of title: United States Civil Service Commission. Personnel Classification Division.
=650  \0$aCivil service$zUnited States.
=651  \0$aUnited States$xOfficials and employees.
=650  \3$amarket analysis$9auto-assigned by category code
=650  \3$aeconomics$9auto-assigned by category code
=650  \3$asociology$9auto-assigned by category code
=650  \3$aeducation$9auto-assigned by category code
=650  \3$aculture and humanities$9auto-assigned by category code
=650  \7$aCivil service.$2fast$0(OCoLC)fst00862730
=650  \7$aEmployees.$2fast$0(OCoLC)fst00909111
=651  \7$aUnited States.$2fast$0(OCoLC)fst01204155
=930  \\$a20220411$b00000000$c00000000
=946  \\$aOther US
=959  \\$a$c2022/04/10$ecmartinez$gupgrade

