=LDR  02382cam a2200577 i 4500
=001  701758
=005  20220720180105.0
=008  950314s1933\\\\gw\\\\\\\bm\\\000\0\ger\d
=035  \\$a(OCoLC)ocm13388259
=035  \\$a701758
=040  \\$aCUY$beng$cCUY$dOCLCQ$dAGL$dOCLCQ$dOCLCF$dOCLCQ$dOCLCO$dOCLCQ$dOCLCO$dOCL$dOCLCO$dOCLCQ$dOCLCO$dAGL
=016  7\$aCAT10972459$2DNAL
=043  \\$ae-uk---
=070  0\$a286.350$bH25
=072  \0$aE700
=072  \0$aQ002
=049  \\$aAGLL
=100  1\$aHartisch, Joachim,$d1906-
=242  04$aThe meat supply of Great Britain.$yeng
=245  14$aDie Fleischversorgung Grossbritanniens ... /$cvon Joachim Hartisch.
=260  \\$aBerlin,$bJ. Rother,$c1933.
=300  \\$a105 pages, 1 leaf ;$c22 cm
=336  \\$atext$btxt$2rdacontent
=337  \\$aunmediated$bn$2rdamedia
=338  \\$avolume$bnc$2rdacarrier
=502  \\$aInaug.-Diss.--Landwirtschaftliche Hochschule, Berlin.
=500  \\$aLebenslauf.
=504  \\$a"Literaturverzeichnis": pages 91-92.
=650  \0$aMeat industry and trade$zGreat Britain.
=650  \0$aLivestock$zGreat Britain.
=650  \7$aMeat industry and trade.$2fast$0(OCoLC)fst01013271
=650  \7$aLivestock.$2fast$0(OCoLC)fst01000722
=650  \3$ameat products$9auto-assigned by category code
=650  \3$aanimal-based foods$9auto-assigned by category code
=650  \3$amarketing$9auto-assigned by category code
=650  \3$adistribution (economics)$9auto-assigned by category code
=650  \3$aagricultural economics$9auto-assigned by category code
=650  \3$aagribusiness$9auto-assigned by category code
=651  \7$aGreat Britain.$2fast$0(OCoLC)fst01204623
=655  \7$amasters theses.$2aat$0(CStmoGRI)aatgf300077723
=655  \7$atheses.$2aat$0(CStmoGRI)aatgf300028028
=655  \7$adissertations.$2aat$0(CStmoGRI)aatgf300028029
=655  \7$adoctoral dissertations.$2aat$0(CStmoGRI)aatgf300312076
=655  \7$aAcademic theses.$2fast$0(OCoLC)fst01726453
=655  \7$aAcademic theses.$2lcgft
=655  \7$aThèses et écrits académiques.$2rvmgf$0(CaQQLa)RVMGF-000001173
=776  08$iOnline version:$aHartisch, Joachim, 1906-$tFleischversorgung Grossbritanniens .$dBerlin, J. Rother, 1933$w(OCoLC)612513424
=930  \\$a20220720$b00000000$c00000000
=946  \\$aNon-US
=959  \\$a$c2022/02/16$eaxu$gupgrade
=959  \\$a$c2022/07/20$ecmartinez$gupgrade


