=LDR  01223cam a22003497a 4500
=001  714017
=005  20220418180015.0
=008  950330s1988\\\\pk\a\\\\\b\\\\000\0\eng\\
=016  7\$aCAT10714017$2DNAL
=035  \\$a714017
=040  \\$aAGL$beng$cAGL$dOCLCQ$dAGL
=035  \\$a(OCoLC)32225293
=041  1\$aeng$hchi
=049  \\$aAGLL
=070  0\$aTRANSL$b39622
=072  \0$aL833
=100  1\$aYang, Y. H.
=245  10$aIncidence and mode of the infection of Newcastle disease virus in ducks and geese in Taiwan.$nII,$pVirus multiplication distribution mode of exretion in the infected ducks and geese and its antibody response /$cYang, Y.H.
=260  \\$aKarachi, Pakistan :$bMuhammad Ali Society,$c1988.
=300  \\$a24 leaves (2 folded) :$billustrations ;$c27 cm
=336  \\$atext$btxt$2rdacontent
=337  \\$aunmediated$bn$2rdamedia
=338  \\$avolume$bnc$2rdacarrier
=591  \\$bNAL Reclamation
=650  \3$aviral diseases of animals and humans.
=650  \3$aanimal health.
=650  \3$aanimal diseases.
=930  \\$a20220418$b00000000$c00000000
=939  \\$a20191204$b20200106$c00000000
=939  \\$a19950404$b19950410$c00000000
=945  \\$dVS$e95/03/29$fVS$g95/03/29
=946  \\$aTranslation

