=LDR  02135cam a22004817i 4500
=001  692917
=005  20220807083506.0
=008  950310s1930\\\\gw\\\\\\\bm\\\000\0\ger\d
=035  \\$a(OCoLC)ocm45807223
=035  \\$a692917
=040  \\$aYUS$beng$cYUS$dAGL$dOCLCQ$dOCLCO$dOCLCF$dOCLCQ$dOCLCO$dAGL
=043  \\$ae-gx---
=016  7\$aCAT10971568$2DNAL
=029  1\$aDEBSZ$b072050063
=029  1\$aHEBIS$b135553180
=070  0\$a281.175$bH87
=072  \0$aE100
=049  \\$aAGLL
=100  1\$aHuesmann, Heinrich.
=242  14$aThe general economic and economic basics of the farms in the district of Soest with special consideration of the unit valuation, tax burden and debt.$yeng
=245  14$aDie allgemeinen wirtschaftlichen und volkswirtschaftlichen Grundlagen der landwirtschaftlichen Betriebe im Kreise Soest unter besonderer Berücksichtigung der Einheitsbewertung,$bsteuerlichen Belastung und der Verschuldung /$cHuesmann, Heinrich.
=260  \\$aEmsdetten i. West.,$c1930.
=300  \\$a102 pages.
=336  \\$atext$btxt$2rdacontent
=337  \\$aunmediated$bn$2rdamedia
=338  \\$avolume$bnc$2rdacarrier
=500  \\$aLebenslauf.
=502  \\$aGiessen, Phil. Diss. v. 2. Sept. 1930.
=504  \\$a"Literaturverzeichnis": [2] p. at end.
=650  \0$aAgriculture$zGermany$zSoest$xEconomic conditions.
=650  \3$aagricultural economics$9auto-assigned by category code
=651  \0$aSoest (Germany)$xAgriculture$xEconomic conditions.
=655  \7$adissertations.$2aat$0(CStmoGRI)aatgf300028029
=655  \7$amasters theses.$2aat$0(CStmoGRI)aatgf300077723
=655  \7$adoctoral dissertations.$2aat$0(CStmoGRI)aatgf300312076
=655  \7$atheses.$2aat$0(CStmoGRI)aatgf300028028
=655  \7$aAcademic theses.$2fast$0(OCoLC)fst01726453
=655  \7$aAcademic theses.$2lcgft
=655  \7$aThèses et écrits académiques.$2rvmgf$0(CaQQLa)RVMGF-000001173
=856  41$3HathiTrust Digital Library, Limited view (search only)$uhttp://catalog.hathitrust.org/api/volumes/oclc/843341869.html
=930  \\$a20220807$b00000000$c00000000
=946  \\$aNon-US
=959  \\$a$c2022/08/03$ecmartinez$gupgrade


