=LDR  01479cam a2200361Mi 4500
=001  690759
=005  20220811180013.0
=008  950320s1930\\\\fr\\\\\\\\\\\\000\0\fre\d
=035  \\$a(OCoLC)ocm71077317
=035  \\$a690759
=040  \\$aAGL$beng$cAGL$dHIN$dOCLCF$dOCLCO$dOCLCQ$dWAU$dOCLCO$dAGL
=016  7\$aCAT10941036$2DNAL
=043  \\$ae-fr---
=070  0\$a281$bC73R
=072  \0$aE100
=049  \\$aAGLL
=110  2\$aComité national d'études sociales & politiques (France)
=245  13$aLe rationalisation en agriculture /$cCommunications de: MM. Joseph Capus ..., Rabaté ... [e.a.].
=264  \1$a[Paris] :$bComité national d'études sociales et politiques,$c1930.
=300  \\$a1 vol. (43 pages) :$billustrations, black and white ;$c25 cm.
=336  \\$atext$btxt$2rdacontent
=337  \\$aunmediated$bn$2rdamedia
=338  \\$avolume$bnc$2rdacarrier
=490  1\$aFaculdades do Sagrado Coração (Bauru, Brazil). ;$vno. 418
=650  \0$aAgriculture$xEconomic aspects$zFrance.
=650  \7$aAgriculture$xEconomic aspects.$2fast$0(OCoLC)fst00801415
=650  \3$aagricultural economics$9auto-assigned by category code
=651  \7$aFrance.$2fast$0(OCoLC)fst01204289
=610  20$aFaculdades do Sagrado Coração (Bauru, Brazil)$vno. 418.
=810  2\$aFaculdades do Sagrado Coração (Bauru, Brazil) ;$vno. 418$tLe rationalisation en agriculture.
=930  \\$a20220811$b00000000$c00000000
=946  \\$aNon-US
=959  \\$a$c2022/08/11$ecmartinez$gupgrade


