=LDR  02314cam a2200481Mi 4500
=001  693911
=005  20220730083508.0
=008  950310s1931\\\\ru\\\\\\\\\\\l000\0\rus\d
=035  \\$a(OCoLC)ocm71079237
=035  \\$a693911
=040  \\$aAGL$beng$cAGL$dOCLCO$dOCLCQ$dOCLCA$dOCLCO$dAGL
=016  7\$aCAT10975608$2DNAL
=043  \\$ae-ur---
=070  0\$a281.179$bM85
=072  \0$aE200
=049  \\$aAGLL
=110  1\$aMoscow (Russia).$bAgrarnyĭ institut Kommunisticheskai︠a︡ akademii︠a︡.
=242  00$aIncomes of collective farms and their distribution;$bpreliminary materials of survey︠a︡ collective farms in January 1931.$yeng
=245  10$6880-01$aDokhody kolkhozov i ikh raspredeleniye;$bpredvaritelʹnyye materialy obsledovaniya︠a︡ kolkhozov v i︠a︡nvare 1931 goda.
=264  \1$aMoskva :$bSelʹkolkhozgiz,$c1931.
=300  \\$a125, [2] pages :$btables ;$c22 cm
=336  \\$atext$btxt$2rdacontent
=337  \\$aunmediated$bn$2rdamedia
=338  \\$avolume$bnc$2rdacarrier
=500  \\$aAt head of title: Agrarnyĭ institut Komakademii pri T︠S︡IK SSSR. Nauchno-issled. kolkhozn. institut Kolkhozt︠s︡entra SSSR.
=650  \0$aCollective farms$zSoviet Union$xFinance.
=650  \0$aCollective farms$zSoviet Union$xIncome distribution.
=650  \0$aAgriculture, Cooperative$zSoviet Union.
=650  \0$aAgriculture$xEconomic aspects$zSoviet Union.
=650  \7$aCollective farms$xFinance.$2fast$0(OCoLC)fst00867372
=650  \7$aCollective farms$xIncome distribution.$2fast$0(OCoLC)fst00867376
=650  \7$aAgriculture, Cooperative.$2fast$0(OCoLC)fst00801781
=650  \7$aAgriculture$xEconomic aspects.$2fast$0(OCoLC)fst00801415
=650  \3$amicroeconomics$9auto-assigned by category code
=650  \3$afarm management$9auto-assigned by category code
=650  \3$aagricultural economics$9auto-assigned by category code
=651  \7$aSoviet Union.$2fast$0(OCoLC)fst01210281
=710  2\$aAgrarnyĭ institut (Kommunisticheskai︠a︡ akademii︠a︡)
=710  2\$aNauchno-issledovatelʹskiĭ kolkhoznyĭ institut (Moscow, Russia)
=880  10$6245-01$aДоходы колхозов и их распределение;$bпредварительные материалы обследованиКяЛа колхозов в КиЛанваре 1931 года.
=930  \\$a20220730$b00000000$c00000000
=946  \\$aNon-US
=959  \\$a$c2022/07/21$ecmartinez$gupgrade


