=LDR  01448cam a2200397Ii 4500
=001  706651
=005  20220426180012.0
=008  950315s1936\\\\pr\a\\\\\\\\\\000\0\eng\\
=010  \\$a   37026559 
=035  \\$a(OCoLC)ocm18767324
=035  \\$a706651
=040  \\$aDLC$beng$cWAU$dAGL$dOCLCQ$dOCLCO$dOCLCF$dOCLCO
=016  7\$aCAT10930579$2DNAL
=019  \\$a71087447
=029  1\$aAU@$b000028230389
=043  \\$an-us---
=070  0\$a173.2$bP962I
=072  \0$aX800
=049  \\$aAGLL
=110  1\$aUnited States.$bPuerto Rico Reconstruction Administration.
=245  10$aInterim report on organization and activities of the Planning Division /$cPuerto Rico Reconstruction Administration.
=264  \1$aSan Juan, Puerto Rico.,$c1936.
=300  \\$a5 preliminary leaves, 56 leaves :$bdiagrams ;$c29 cm
=336  \\$atext$btxt$2rdacontent
=337  \\$aunmediated$bn$2rdamedia
=338  \\$avolume$bnc$2rdacarrier
=500  \\$aMimeographed.
=590  \\$aMimeographed.
=610  10$aUnited States.$bPuerto Rico Reconstruction Administration.
=610  17$aUnited States.$bPuerto Rico Reconstruction Administration.$2fast$0(OCoLC)fst01974491
=650  \3$asociology$9auto-assigned by category code
=650  \3$aeducation$9auto-assigned by category code
=650  \3$aculture and humanities$9auto-assigned by category code
=930  \\$a20220426$b00000000$c00000000
=946  \\$aOther US
=959  \\$a$c2022/04/26$ecmartinez$gupgrade

