=LDR  01479cam a22003855a 4500
=001  699686
=005  20220710083503.0
=008  950313s1929\\\\nbuab\\\\\\\\\000\0\eng\d
=035  \\$a(OCoLC)ocm53071141
=035  \\$a699686
=040  \\$aOSU$beng$cOSU$dOCLCQ$dAGL$dOCLCF$dOCLCQ$dOCLCO$dOCLCA$dOCLCQ$dOCLCO$dAGL
=016  7\$aCAT10903048$2DNAL
=043  \\$an-us-nb
=070  0\$a280.32$bN27
=072  \0$aX700
=049  \\$aAGLL
=110  2\$aNebraska Farmer.
=245  14$aThe big little towns of Nebraska /$cprepared by the Nebraska Farmer.
=264  \1$aLincoln, Nebraska :$bNebraska Farmer,$c[1929?]
=300  \\$a19 pages :$billustrations, folded map ;$c28 cm
=336  \\$atext$btxt$2rdacontent
=337  \\$aunmediated$bn$2rdamedia
=338  \\$avolume$bnc$2rdacarrier
=530  \\$aAlso available online.
=650  \0$aCities and towns$zNebraska.
=650  \7$aCities and towns.$2fast$0(OCoLC)fst00861748
=650  \3$amarket analysis$9auto-assigned by category code
=650  \3$aeconomics$9auto-assigned by category code
=651  \7$aNebraska.$2fast$0(OCoLC)fst01208998
=655  \3$aInternet resource
=776  08$iOnline version:$aNebraska Farmer.$tBig little towns of Nebraska.$dLincoln, Neb. : Nebraska Farmer, [1929?]$w(OCoLC)950550283
=856  41$3HathiTrust Digital Library$uhttp://catalog.hathitrust.org/api/volumes/oclc/53071141.html
=930  \\$a20220710$b00000000$c00000000
=946  \\$aOther US
=959  \\$a$c2022/06/09$ecmartinez$gupgrade

