=LDR  01624cam a2200433Ia 4500
=001  704978
=005  20220416083512.0
=008  950315s1917\\\\dcu\\\\\\\\\\\000\0\eng\d
=035  \\$a(OCoLC)ocm55502293
=035  \\$a704978
=040  \\$aVA@$beng$cVA@$dOCLCQ$dAGL$dOCLCF$dOCLCO$dOCLCQ$dOCL
=016  7\$aCAT10928848$2DNAL
=043  \\$an-us---
=070  0\$a164.1$bW72
=072  \0$aE100
=049  \\$aAGLL
=072  \0$aE100
=110  2\$aUnited States Food Administration.
=245  10$aWin the war by giving your own daily service. ... /$cHerbert Hoover, United States Food Administrator.
=260  \\$a[Washington, D.C.] :$b[United States Food Administration],$c[1917?]
=300  \\$a1 card ([1] pages) ;$c23 x 15 cm.
=336  \\$atext$btxt$2rdacontent
=337  \\$aunmediated$bn$2rdamedia
=338  \\$avolume$bnc$2rdacarrier
=490  1\$aHome card
=500  \\$aCard designed to be displayed in the home.
=650  \0$aWorld War, 1914-1918$xFood supply$zUnited States.
=650  \0$aWorld War, 1914-1918$xWomen$zUnited States.
=650  \7$aFood supply.$2fast$0(OCoLC)fst00931196
=650  \7$aWomen.$2fast$0(OCoLC)fst01176568
=650  \3$aagricultural economics$9auto-assigned by category code
=651  \7$aUnited States.$2fast$0(OCoLC)fst01204155
=647  \7$aWorld War$d(1914-1918)$2fast$0(OCoLC)fst01180746
=648  \7$a1914-1918$2fast
=710  2\$aJoseph M. Bruccoli Great War Collection (University of Virginia)
=830  \0$aHome card (United States Food Administration)
=930  \\$a20220416$b00000000$c00000000
=946  \\$aOther US
=959  \\$a$c2022/04/15$ecmartinez$gupgrade

