=LDR  03362cam a2200613 a 4500
=001  697768
=005  20220512083512.0
=008  950313s1906\\\\enk\\\\\\\\\\\000\0\eng\d
=035  \\$a(OCoLC)ocm40704200
=035  \\$a697768
=040  \\$aIL#$beng$cIL#$dOCL$dGZM$dOCLCQ$dAGL$dOCLCG$dOCLCO$dOCLCQ$dNLC$dOCLCQ$dOCLCF$dOCLCQ$dOCLCO$dAGL$dOCLCO$dAGL
=016  7\$aCAT10908278$2DNAL
=019  \\$a1019349956
=029  1\$aNLC$b000033095994
=029  1\$aNLGGC$b163626944
=043  \\$ae-uk---
=070  0\$a283$bG79A
=072  \0$aE200
=072  \0$aE500
=084  \\$acci1icc$2lacc
=049  \\$aAGLL
=110  1\$aGreat Britain.$bParliament.$bHouse of Commons.
=245  10$aDepartmental Committee on Agricultural Settlements in British Colonies. Report of the Departmental Committee appointed to consider Mr. Rider Haggard's report on agricultural settlements in British colonies.
=246  3\$aReport by the Departmental Committee appointed to consider Mr. Rider Haggard's Report on Agricultural Settlements in British Colonies. Vol. I (Colonies: Agricultural Settlements)
=264  \1$aLondon :$bPrinted for H.M. Stationery Off., by Wyman & Sons, Ltd.,$c1906.
=300  \\$a2 volumes ;$c34 cm
=336  \\$atext$btxt$2rdacontent
=337  \\$aunmediated$bn$2rdamedia
=338  \\$avolume$bnc$2rdacarrier
=490  1\$aGreat Britain. Parliament. [Papers by Command]. Cd. ;$v2978,2979
=500  \\$aLord Tennyson, Chairman.
=500  \\$aMr. Rider Haggard's report issued as Cd. 2562.
=500  \\$aAppointed by Alfred Lyttelton, secretary of state for the colonies "to consider the suggestions made in Mr. Rider Haggard's Report on the Salvation army colonies in the United States and at Hadleigh," etc., issued as Command paper Cd. 2562.
=505  0\$aVol. 1. Report -- v. 2. Minutes of evidence.
=650  \0$aAgricultural colonies$zGreat Britain.
=650  \3$arural sociology$9auto-assigned by category code
=650  \3$arural economics$9auto-assigned by category code
=650  \3$amicroeconomics$9auto-assigned by category code
=650  \3$afarm management$9auto-assigned by category code
=650  \3$aagricultural economics$9auto-assigned by category code
=651  \0$aGreat Britain$xMigration.
=650  \0$aCommonwealth(Britain)
=650  \7$aAgricultural colonies.$2fast$0(OCoLC)fst00800583
=651  \7$aGreat Britain.$2fast$0(OCoLC)fst01204623
=655  \3$aInternet resource
=700  1\$aHaggard, H. Rider$q(Henry Rider),$d1856-1925.
=700  1\$aTennyson, Hallam Tennyson,$cBaron,$d1852-1928.
=710  1\$aGreat Britain.$bColonial Office.$bCommittee on Agricultural Settlements in British Colonies.
=776  08$iOnline version:$aGreat Britain. Colonial Office. Committee on Agricultural Settlements in British Colonies.$tReport of the departmental committee appointed to consider Mr. Rider Haggard's report on agricultural settlements in British colonies [with Minutes of evidence ... appendices, analysis, and index].$dLondon, Printed for H.M. Stationery off., by Wyman & Sons, Ltd., 1906$w(OCoLC)656978862
=830  \0$aCd. (Great Britain. Parliament) ;$v2978,2979.
=856  41$3HathiTrust Digital Library, Full view$uhttp://catalog.hathitrust.org/api/volumes/oclc/13798874.html
=930  \\$a20220512$b00000000$c00000000
=946  \\$aNon-US
=959  \\$a$c2022/04/27$ecmartinez$gupgrade

