=LDR  01159cam a2200325Mi 4500
=001  691552
=005  20220419083508.0
=008  950309s1933\\\\xx\\\\\\\\\\\\000\0\ger\d
=035  \\$a(OCoLC)on1289119104
=035  \\$a691552
=040  \\$aAGL$beng$cAGL$dAGL
=016  7\$aCAT10942161$2DNAL
=070  0\$a280.347$bEu5
=072  \0$aE700
=072  \0$aQ003
=049  \\$aAGLL
=100  1\$aEuler, Ernst,$d1907-
=242  00$aPrerequisites for rational sales on the German slaughter poultry market with special consideration of the conditions on the Berlin market.$yeng
=245  10$aVoraussetzungen eines rationellen Absatzes am deutschen Schlachtgeflügelmarkt unter besonderer Berücksichtigung der Verhältnisse am Berliner Markt /$cErnst Euler.
=264  \1$a[Berlin] :$b[Meyer],$c[1932]
=300  \\$a104 pages : illustrations, diagrams, maps ; 8°
=650  \3$apoultry products.
=650  \3$aanimal-based foods.
=650  \3$amarketing.
=650  \3$adistribution (economics)
=650  \3$aagricultural economics.
=650  \3$aagribusiness.
=930  \\$a20220419$b00000000$c00000000
=946  \\$aNon-US
=959  \\$a$c2022/04/18$ecmartinez$gupgrade


