=LDR  01948ctm a2200505I  4500
=001  697750
=005  20220804180014.0
=008  950313s1925\\\\fr\\\\\\\bm\\\000\0\fre\d
=035  \\$a(OCoLC)ocm39381256
=035  \\$a697750
=040  \\$aIWA$beng$cIWA$dOCL$dOCLCQ$dAGL$dOCLCQ$dOCLCF$dOCLCO$dOCLCQ$dOCLCA$dOCLCQ$dOCLCO$dOCL$dOCLCO$dAGL
=016  7\$aCAT10970333$2DNAL
=043  \\$ae-bu---
=070  0\$a282$bB66
=072  \0$aE110
=049  \\$aAGLL
=100  1\$aBouroff, M. Tz.
=245  13$aLa reforme agraire en Bulgarie (1921-1924).
=260  \\$aParis,$bLes presses Universitaires de France,$c[1925]
=300  \\$a134, [1] pages$c24 cm
=336  \\$atext$btxt$2rdacontent
=337  \\$aunmediated$bn$2rdamedia
=338  \\$avolume$bnc$2rdacarrier
=500  \\$aAt head of title: Université de Paris. Facult ́de droit.
=502  \\$aThèse--Université de Paris.
=504  \\$a"Bibliographie": page 133.
=590  \\$ap. [7-8] missing.
=650  \0$aLand tenure$zBulgaria.
=650  \0$aAgriculture$xEconomic aspects$zBulgaria.
=650  \7$aAgriculture$xEconomic aspects.$2fast$0(OCoLC)fst00801415
=650  \3$amacroeconomics$9auto-assigned by category code
=650  \3$aland use$9auto-assigned by category code
=650  \3$aland management$9auto-assigned by category code
=650  \3$aeconomics$9auto-assigned by category code
=651  \7$aBulgaria.$2fast$0(OCoLC)fst01212489
=655  \7$adissertations.$2aat$0(CStmoGRI)aatgf300028029
=655  \7$atheses.$2aat$0(CStmoGRI)aatgf300028028
=655  \7$adoctoral dissertations.$2aat$0(CStmoGRI)aatgf300312076
=655  \7$amasters theses.$2aat$0(CStmoGRI)aatgf300077723
=655  \7$aAcademic theses.$2fast$0(OCoLC)fst01726453
=655  \7$aAcademic theses.$2lcgft
=655  \7$aThèses et écrits académiques.$2rvmgf$0(CaQQLa)RVMGF-000001173
=930  \\$a20220804$b00000000$c00000000
=946  \\$aNon-US
=959  \\$a$c2022/07/28$ecmartinez$gupgrade


