=LDR  02805cam a2200613 i 4500
=001  690589
=005  20220607180105.0
=008  950309m19281929dcu\\\\\\\\\\f000\0\eng\\
=035  \\$a(OCoLC)ocm06235839
=035  \\$a690589
=040  \\$aCLE$beng$cCLE$dVIC$dOCLCQ$dCUY$dOCLCQ$dOCLCF$dOCLCQ$dORU$dINT$dOCLCQ$dFUG$dOCLCO$dAGL
=016  7\$aCAT10903649$2DNAL
=042  \\$apcc
=043  \\$an-us---
=070  0\$a280.359$bUn3Un
=072  \0$aQ004
=072  \0$aE710
=072  \0$aD500
=086  0\$aY 4.Ag 8/1:G 76/5
=086  0\$aY 4.Ag 8/1/G 76/5/pt.1-2
=049  \\$aAGLL
=110  1\$aUnited States.$bCongress.$bHouse.$bCommittee on Agriculture.
=245  10$aUnited States Grain Standards Act amendment :$bhearings before the Committee on Agriculture, House of Representatives, Seventieth Congress, first session on H.R. 106.
=246  30$aGrain Standards Act Amendment
=264  \1$aWashington, DC :$bUnited States Government Printing Office,$c1928-29.
=300  \\$a2 volumes (55, 157 pages) :$btables ;$c24 cm
=336  \\$atext$btxt$2rdacontent
=337  \\$aunmediated$bn$2rdamedia
=338  \\$avolume$bnc$2rdacarrier
=500  \\$aCover title.
=500  \\$aGilbert N. Haugen, Committee chair, presiding.
=505  0\$a[Pt. 1] May 11 and 15, 1928 -- pt. 2. January 16, 17, 18, 19, and 30, 1929.
=650  \0$aGrain trade$zUnited States$vStatistics.
=650  \0$aGrain trade$xLaw and legislation$zUnited States.
=650  \7$aGrain trade$xLaw and legislation.$2fast$0(OCoLC)fst00946090
=650  \3$alaws and regulations$9auto-assigned by category code
=650  \3$aproduct quality$9auto-assigned by category code
=650  \3$aagricultural economics$9auto-assigned by category code
=650  \3$aplant-based foods$9auto-assigned by category code
=650  \3$afield crops$9auto-assigned by category code
=651  \7$aUnited States.$2fast$0(OCoLC)fst01204155
=655  \7$aLegislative hearings.$2lcgft
=655  \7$aStatistics.$2lcgft
=655  \7$aAudiences législatives.$2rvmgf$0(CaQQLa)RVMGF-000001453
=655  \7$aStatistiques.$2rvmgf$0(CaQQLa)RVMGF-000001223
=700  1\$aHaugen, Gilbert Nelson,$d1859-1933.
=710  1\$aUnited States.$bCongress$n(70th, 2nd session :$d1928-1929).$bHouse.
=776  08$iOnline version:$aUnited States. Congress. House. Committee on Agriculture.$tUnited States Grain Standards Act amendment.$dWashington : G.P.O., 1928-1929$w(OCoLC)891599677
=856  41$3Google$uhttp://books.google.com/books?id=UBpDAQAAMAAJ
=856  41$3Google$uhttp://books.google.com/books?id=ehpDAQAAMAAJ
=856  41$3HathiTrust Digital Library, Full view$uhttp://catalog.hathitrust.org/api/volumes/oclc/6235839.html
=930  \\$a20220607$b00000000$c00000000
=946  \\$aOther US
=959  \\$a$c2022/06/07$ecmartinez$gupgrade


