=LDR  01916cam a2200469I  4500
=001  707791
=005  20220410083514.0
=008  950316s1929\\\\fr\\\\\\\d\\\\000\0\eng\d
=016  7\$aCAT30707791$2DNAL
=035  \\$a(OCoLC)ocm20104647
=035  \\$a707791
=040  \\$aRRR$beng$cRRR$dOCLCQ$dAGL$dOCLCG$dOCLCA$dZWZ$dOCLCQ$dOCLCO$dOCLCA$dOCLCF$dOCLCQ$dOCLCO$dOCLCQ$dBP1$dOCLCO
=029  1\$aZWZ$b021223335
=041  0\$aeng$afre
=070  0\$a203$bC61 new ed.
=072  \0$aX000
=049  \\$aAGLL
=100  1\$aClifton, E.$q(Ebenezer),$d1805-$ecompiler.
=245  12$aA new French-English and English-French dictionary,$bcomposed on a new plan$cby E. Clifton and A. Grimaux.
=246  3\$aNouveau dictionnaire anglais-franc̦ais et franc̦ais-anglais
=250  \\$aA new ed.$bentirely remodelled and largely increased by J. MacLaughlin
=260  \\$aParis,$bGarnier frères$c[1929]
=300  \\$a2 volumes$c28 cm
=336  \\$atext$btxt$2rdacontentb
=337  \\$aunmediated$bn$2rdamedia
=338  \\$avolume$bnc$2rdacarrier
=500  \\$aVol. 2 has t.p.: Nouveau dictionnaire Anglais-Francais et Francais-Anglais ...
=505  0\$a[v. 1] French-English part. A new ed. with supplement [by L. Dhaleine].--[v. 2] Anglais-Francais, avec supplément.
=650  \0$aFrench language$vDictionaries$xEnglish.
=650  \0$aEnglish language$vDictionaries$xFrench.
=650  \3$ainformation sources.
=650  \7$aEnglish language.$2fast$0(OCoLC)fst00910920
=650  \7$aFrench language.$2fast$0(OCoLC)fst00934333
=650  \7$aAnglais (langue)$xDictionnaires.$2ram
=650  \7$aFrançais (langue)$xDictionnaires.$2ram
=655  \7$aDictionaries.$2fast$0(OCoLC)fst01423826
=700  1\$aGrimaux, Adrien,$ecompiler.
=700  1\$aMcLaughlin, J.,$eeditor.
=700  1\$aDhaleine, L.,$d1870-
=930  \\$a20220410$b00000000$c00000000
=946  \\$aNon-US
=959  \\$a$c2022/04/05$ecmartinez$gupgrade


