=LDR  00813cam a2200277M  4500
=001  670953
=005  20220524083516.0
=008  900401s1946\\\\cu\\\\\\\\\\\\000\0\spa\d
=035  \\$a670953
=040  \\$aAGL$beng$cAGL$dOCLCF$dOCLCO$dOCLCQ$dOCLCA
=016  7\$aCAT10670953$2DNAL
=035  \\$a(OCoLC)71065250
=049  \\$aRQIA
=070  0\$a423$bC892
=072  \0$aH000
=110  1\$aCuba.$bNegociado de Parasitología y Control de Plagas.
=245  10$aInsecticidas de contacto.
=260  \\$a[Habana?]$c[1946]
=300  \\$a3 leaves
=336  \\$atext$btxt$2rdacontent
=337  \\$aunmediated$bn$2rdamedia
=338  \\$avolume$bnc$2rdacarrier
=591  \\$bNAL Reclamation
=650  \0$aInsecticides.$0http://id.loc.gov/authorities/subjects/sh85066663
=930  \\$a20220524$b00000000$c00000000
=946  \\$aNon-US


