=LDR  01719cam a2200421I  4500
=001  707396
=005  20220805083506.0
=008  950316s1925\\\\it\\\\\\\d\\\\000\0\eng\\
=010  \\$a   27023578 
=035  \\$a(OCoLC)ocm07113984
=035  \\$a707396
=040  \\$aDLC$beng$cTMN$dTMN$dOCLCQ$dAGL$dOCLCF$dOCLCQ$dOCLCO$dAGL
=016  7\$aCAT10931640$2DNAL
=070  0\$a205$bM61E 1925
=072  \0$aX000
=049  \\$aAGLL
=100  1\$aMillhouse, John.
=245  10$aMillhouse & Bracciforti's English and Italian pronouncing and explanatory dictionary.
=250  \\$aA new phototypic ed., rev., cor. and enriched with an appendix containing all the words and technical terms in general use, during the last twenty years, in science, industry, arts and crafts, sport, etc.,$bedited by Francesco Bracciforti.
=260  \\$aMilan,$bIndustrie Grafiche A. Nicola & Co.,$c1925.
=300  \\$a2 volumes in 1. ;$c20 cm
=336  \\$atext$btxt$2rdacontent
=337  \\$aunmediated$bn$2rdamedia
=338  \\$avolume$bnc$2rdacarrier
=500  \\$aVol. 2 has title in Italian.
=650  \0$aEnglish language$vDictionaries$xItalian.
=650  \0$aItalian language$vDictionaries$xEnglish.
=650  \0$aDictionaries, Polyglot.
=650  \7$aEnglish language.$2fast$0(OCoLC)fst00910920
=650  \7$aItalian language.$2fast$0(OCoLC)fst00980480
=650  \3$ainformation sources$9auto-assigned by category code
=655  \7$aMultilingual dictionaries.$2lcgft
=655  \7$aDictionaries.$2fast$0(OCoLC)fst01423826
=700  1\$aBracciforti, Ferdinando,$eauthor.
=700  1\$aBracciforti, Francesco,$eeditor.
=930  \\$a20220805$b00000000$c00000000
=946  \\$aNon-US
=959  \\$a$c2022/08/02$ecmartinez$gupgrade

