=LDR  03054cam a2200553Ia 4500
=001  700682
=005  20220508083511.0
=008  950314s1923\\\\dcu\\\\\\\\\\f000\0\eng\d
=035  \\$a(OCoLC)ocm45915524
=035  \\$a700682
=040  \\$aNYP$beng$cNYP$dOCLCQ$dGZM$dSTF$dAGL$dOCLCF$dOCLCO$dOCLCQ$dGPO
=016  7\$aCAT10909241$2DNAL
=019  \\$a71083419$a79033391
=043  \\$an-us---
=070  0\$a284.2$bUn37P
=072  \0$aE700
=072  \0$aE100
=072  \0$aD500
=086  0\$aY 4.AG 8/2:G 76/9$zY 4.AG 8/2:EX 8/25
=049  \\$aAGLL
=110  1\$aUnited States.$bCongress.$bSenate.$bCommittee on Agriculture and Forestry.
=245  10$aProviding for extension of credit to foreign grain importers through the War Finance Corporation :$bhearings before the Committee on Agricultural and Forestry United States Senate : Sixty-seventh Congerss, fourth session, on S. 4132 ... January 23, 1923 ...
=260  \\$aWashington :$bGovt. Print. Off.,$c1923.
=300  \\$aii, 17 pages ;$c23 cm
=336  \\$atext$btxt$2rdacontent
=337  \\$aunmediated$bn$2rdamedia
=338  \\$avolume$bnc$2rdacarrier
=500  \\$aCover title.
=500  \\$a"On S. 4132, a bill to amend an act entitled "An Act to provide further for the national security and defense and for the purpose of assisting in the prosecution of the war, to provide credits for industries and enterprises in the United States necessary or contributory to the prosecution of the war, and to supervise the issuance of securities, and for other purposes [so as to extend credit to foreign importers of farm products]," approved April 5, 1918 ..."
=500  \\$a"Printed for the use of the Committee on Agriculture and Forestry."
=500  \\$aDistribution made by issuing office.
=650  \0$aGrain trade$xLaw and legislation$zUnited States.
=650  \0$aAgricultural credit$xGovernment policy$zUnited States.
=650  \0$aAgricultural assistance, American.
=610  20$aWar Finance Corporation (U.S.)
=610  27$aWar Finance Corporation (U.S.)$2fast$0(OCoLC)fst00575319
=650  \7$aAgricultural assistance, American.$2fast$0(OCoLC)fst00800474
=650  \7$aAgricultural credit$xGovernment policy.$2fast$0(OCoLC)fst00800637
=650  \7$aGrain trade$xLaw and legislation.$2fast$0(OCoLC)fst00946090
=650  \3$alaws and regulations$9auto-assigned by category code
=650  \3$amarketing$9auto-assigned by category code
=650  \3$adistribution (economics)$9auto-assigned by category code
=650  \3$aagricultural economics$9auto-assigned by category code
=650  \3$aagribusiness$9auto-assigned by category code
=651  \7$aUnited States.$2fast$0(OCoLC)fst01204155
=776  08$iOnline version:$aUnited States. Congress. Senate. Committee on Agriculture and Forestry.$tProviding for extension of credit to foreign grain importers through the War Finance Corporation.$dWashington : Govt. Print. Off., 1923$w(OCoLC)892333023
=930  \\$a20220508$b00000000$c00000000
=946  \\$aOther US
=959  \\$a$c2022/05/07$ecmartinez$gupgrade

