=LDR  01898cam a2200445I  4500
=001  689961
=005  20220520180015.0
=008  950309s1930\\\\dcu\\\\\\\\\\f000\0\eng\\
=010  \\$a   44023875 
=016  7\$aCAT10902903$2DNAL
=035  \\$a(OCoLC)ocm06249200
=035  \\$a689961
=040  \\$aDLC$beng$cCLE$dOCLCQ$dAGL$dOCLCF$dOCLCQ$dOCLCO
=043  \\$an-us---
=070  0\$a280.3$bUn373
=072  \0$aE700
=049  \\$aAGLL
=110  1\$aUnited States.$bCongress.$bSenate.$bCommittee on Appropriations.
=245  10$aAgricultural marketing revolving fund.$bHearings before the Committee on appropriations, United States Senate, Seventy-first Congress, third session, on H.R. 15359, a bill making appropriations to carry out the provisions of the Agricultural marketing act, approved June 15, 1929.
=260  \\$aWashington,$bU.S. Govt. Print. Off.,$c1930.
=300  \\$aii, 14 pages$c23 cm
=336  \\$atext$btxt$2rdacontent
=337  \\$aunmediated$bn$2rdamedia
=338  \\$avolume$bnc$2rdacarrier
=500  \\$aWesley L. Jones, chairman.
=610  10$aUnited States.$bFederal Farm Board.
=650  \0$aAgricultural credit$zUnited States.
=650  \0$aProduce trade$zUnited States.
=650  \3$amarketing.
=650  \3$adistribution (economics)
=650  \3$aagricultural economics.
=650  \3$aagribusiness.
=610  17$aUnited States.$bFederal Farm Board.$2fast$0(OCoLC)fst00573525
=650  \7$aAgricultural credit.$2fast$0(OCoLC)fst00800626
=650  \7$aProduce trade.$2fast$0(OCoLC)fst01078136
=651  \7$aUnited States.$2fast$0(OCoLC)fst01204155
=776  08$iOnline version:$aUnited States. Congress. Senate. Committee on Appropriations.$tAgricultural marketing revolving fund.$dWashington, U.S. Govt. Print. Off., 1930$w(OCoLC)954275212Q
=930  \\$a20220520$b00000000$c00000000
=946  \\$aOther US
=959  \\$a$c2022/04/22$ecmartinez$gupgrade

