=LDR  01712cam a2200373Mi 4500
=001  700330
=005  20220512142649.0
=008  950314s1897\\\\xx\\\\\\\\\\\l000\0\fre\d
=035  \\$a(OCoLC)ocm71083186
=035  \\$a700330
=040  \\$aAGL$beng$cAGL$dOCLCO$dOCLCQ$dOCLCA$dAGL
=016  7\$aCAT10970562$2DNAL
=070  0\$a284.3$bSe62
=072  \0$aE700
=049  \\$aAGLL
=110  1\$aSerbia.$bMinistère du Commerce de L'agriculture et de l'industrie.$bSection statistique.
=242  00$aStatistics of prices of agricultural products in the Kingdom of Serbia from 1890 to 1895.$yeng
=245  10$aStatistique des prix des produits agricoles dans le royaume de Serbie de 1890 à 1895.
=264  \1$c1897.
=300  \\$a1 volume
=336  \\$atext$btxt$2rdacontent
=337  \\$aunmediated$bn$2rdamedia
=338  \\$avolume$bnc$2rdacarrier
=500  \\$aStatistique des prix des produits agricoles dans le royaume de Serbie de 1896 à 1900. 1902.
=500  \\$aStatistique des prix des produits agricoles et autres dans le royaume de Serbie. 3. vol. La période de 1901 à 1905. 1906.
=500  \\$aStatistics of prices of agricultural products in the Kingdom of Serbia from 1896 to 1900. 1902.
=500  \\$aStatistics of prices of agricultural and other products in the Kingdom of Serbia. 3. vol. The period from 1901 to 1905. 1906.
=650  \3$amarketing$9auto-assigned by category code
=650  \3$adistribution (economics)$9auto-assigned by category code
=650  \3$aagricultural economics$9auto-assigned by category code
=650  \3$aagribusiness$9auto-assigned by category code
=930  \\$a20220512$b00000000$c00000000
=946  \\$aNon-US
=959  \\$a$c2022/04/05$ecmartinez$gupgrade


