=LDR  02199cam a2200493 i 4500
=001  701313
=005  20220419180011.0
=008  950314s1933\\\\ilu\\\\\\\\\\\000\0\eng\d
=035  \\$a(OCoLC)ocm40370449
=035  \\$a701313
=040  \\$aCGU$beng$cCGU$dOCLCQ$dAGL$dOCLCF$dOCLCQ$dOCLCO$dOCLCA$dOCLCQ$dAGL
=016  7\$aCAT10910079$2DNAL
=043  \\$an-us---
=070  0\$a284.5$bC732
=072  \0$aX700
=072  \0$aD500
=049  \\$aAGLL
=110  2\$aCommerce Clearing House.
=245  10$aState general sales tax acts;$bthe complete text of state sales tax and gross income tax laws of general application, now in effect ...
=264  \1$aChicago,$aNew York :$bCommerce Clearing House, Loose leaf Service division of the Corporation Trust Company,$c[©1933]
=300  \\$a1 preliminary leaf, 142 pages$c23 cm
=336  \\$atext$btxt$2rdacontent
=337  \\$aunmediated$bn$2rdamedia
=338  \\$avolume$bnc$2rdacarrier
=500  \\$aCover title.
=500  \\$a"The material in this pamphlet is extracted from the Corporation tax service, state and local."
=650  \0$aSales tax$zUnited States.
=650  \0$aIncome tax$zUnited States.
=650  \0$aCorporations$xTaxation.
=650  \0$aCorporation law$zUnited States.
=650  \7$aCorporation law.$2fast$0(OCoLC)fst00879728
=650  \7$aCorporations$xTaxation.$2fast$0(OCoLC)fst00879935
=650  \7$aIncome tax.$2fast$0(OCoLC)fst00968719
=650  \7$aSales tax.$2fast$0(OCoLC)fst01103887
=650  \3$alaws and regulations$9auto-assigned by category code
=650  \3$amarket analysis$9auto-assigned by category code
=650  \3$aeconomics$9auto-assigned by category code
=651  \7$aUnited States.$2fast$0(OCoLC)fst01204155
=655  \3$aInternet resource
=776  08$iOnline version:$aCommerce Clearing House.$tState general sales tax acts.$dChicago, New York [etc.] Commerce Clearing House, Loose leaf Service division of the Corporation Trust Co. [©1933]$w(OCoLC)629282153
=856  41$uhttp://catalog.hathitrust.org/api/volumes/oclc/40370449.html$3HathiTrust Digital Library, Full view
=930  \\$a20220419$b00000000$c00000000
=946  \\$aOther US
=959  \\$a$c2022/04/19$ecmartinez$gupgrade


