=LDR  01388cam a2200373I  4500
=001  707370
=005  20220607083518.0
=008  950316nuuuuuuuufr\\\\\\\d\\\\000\0\eng\d
=035  \\$a707370
=040  \\$aDUQ$beng$cDUQ$dOCL$dOCLCQ$dAGL$dOCLCG$dCUY$dOCLCQ$dOCLCA$dOCLCF$dOCLCQ$dOCLCO$dOCLCQ$dCHUNN$dOCLCO$dJTB
=016  7\$aCAT10931612$2DNAL
=019  \\$a1248110663
=035  \\$a(OCoLC)01461958$z(OCoLC)1248110663
=041  0\$aeng$afre
=049  \\$aRQIB
=070  0\$a203$bC81
=072  \0$aX000
=100  1\$aClifton, E.$q(Ebenezer),$d1805-$ecompiler.$0http://id.loc.gov/authorities/names/no88001760
=245  12$aA new dictionary of the French and English languages,$ccompiled ... by E.C. Clifton and Adrian Grimaux.
=250  \\$aNew ed. rev. and corr.
=260  \\$aParis,$bGarnier Bros.;$aLondon,$bHachette and Co.$c[date of publication not identified]
=300  \\$a2 volumes$c28 cm
=336  \\$atext$btxt$2rdacontent
=337  \\$aunmediated$bn$2rdamedia
=338  \\$avolume$bnc$2rdacarrier
=505  0\$a[v.1] French-English.--[v.2] Anglais-français.
=591  \\$bNAL Reclamation
=650  \0$aFrench language$vDictionaries$xEnglish.
=650  \0$aEnglish language$vDictionaries$xFrench.
=655  \7$aDictionaries.$2fast$0(OCoLC)fst01423826
=911  \\$ichl00108747
=930  \\$a20220607$b00000000$c00000000
=945  \\$aenglish languages
=946  \\$aNon-US


