=LDR  01433cam a2200385Ii 4500
=001  702812
=005  20220417083515.0
=008  950314s1917\\\\lau\\\\\\\\\\\000\0\eng\d
=035  \\$a(OCoLC)ocm06053283
=035  \\$a702812
=040  \\$aALM$beng$cALM$dOCL$dOCLCQ$dAGL$dOCLCQ$dPHA$dOCLCF$dOCLCQ$dLNC$dOCLCA$dOCLCO
=016  7\$aCAT10702812$2DNAL
=043  \\$an-us-la
=070  0\$a287$bN472H
=072  \0$aX700
=072  \0$aX700
=049  \\$aAGLL
=110  2\$aNew Orleans Board of Trade.
=245  12$aA brief history of a commercial exchange :$bthe New Orleans Board of Trade and some of its most important activities ... /$cby H.S. Herring, secretary-treasurer.
=264  \1$aNew Orleans :$bThe Board,$c1917?
=300  \\$a49 pages ;$c22 cm
=336  \\$atext$btxt$2rdacontent
=337  \\$aunmediated$bn$2rdamedia
=338  \\$avolume$bnc$2rdacarrier
=610  20$aNew Orleans Board of Trade.
=610  27$aNew Orleans Board of Trade.$2fast$0(OCoLC)fst00692597
=650  \0$aBoards of trade$zLouisiana$zNew Orleans.
=650  \7$aBoards of trade.$2fast$0(OCoLC)fst00835114
=650  \3$amarket analysis$9auto-assigned by category code
=650  \3$aeconomics$9auto-assigned by category code
=651  \7$aLouisiana$zNew Orleans.$2fast$0(OCoLC)fst01204311
=700  1\$aHerring, Henry Stonewall,$d1866-
=930  \\$a20220417$b00000000$c00000000
=946  \\$aOther US
=959  \\$a$c2022/04/15$ecmartinez$gupgrade

