=LDR  02090ctm a22004817i 4500
=001  691683
=005  20220622180015.0
=008  950309s1921\\\\gw\a\\\\\m\\\\000\0\ger\d
=035  \\$a(OCoLC)ocm39084330
=035  \\$a691683
=040  \\$aIWA$beng$cIWA$dOCLCQ$dAGL$dOCLCQ$dOCLCF$dOCLCO$dOCLCQ$dOCLCO$dOCL$dOCLCO$dAGL
=016  7\$aCAT10942297$2DNAL
=035  \\$a691683
=029  1\$aNLGGC$b293904650
=041  \\$ager$aeng
=043  \\$ae-gx---
=070  0\$a281$bT18 Fo
=072  \0$aE100
=049  \\$aAGLL
=100  1\$aTasch, Fritz Adam,$d1894-
=242  04$aThe change in the environment of our agriculture and the adaptation to this change.$yeng
=245  14$aDie Aenderung der Umwelt unserer Landwirtschaft und die Anpassung an diese Aenderung. /$cFritz Tasch.
=264  \1$aGiessen :$b[Publisher not identified],$c1924
=300  \\$a18 pages :$btables ;$c33 centimeters
=336  \\$atext$btxt$2rdacontent
=337  \\$aunmediated$bn$2rdamedia
=338  \\$avolume$bnc$2rdacarrier
=500  \\$aMimeographed.
=502  \\$gExcerpt from Fritz Tasch's dissertation$bDoctoral$cUniversity of Giessen$d1921.
=650  \0$aAgriculture$zGermany.
=650  \0$aAgriculture$xEnvironmental aspects$zGermany$xHistory.
=650  \0$aAdaptation (biology)$xAgricultural aspects$zGermany
=650  \7$aAgriculture.$2fast$0(OCoLC)fst00801355
=650  \3$aagricultural economics$9auto-assigned by category code
=651  \7$aGermany.$2fast$0(OCoLC)fst01210272
=655  \7$aAcademic theses.$2fast$0(OCoLC)fst01726453
=655  \7$aAcademic theses.$2lcgft
=655  \7$aThèses et écrits académiques.$2rvmgf$0(CaQQLa)RVMGF-000001173
=776  08$iOnline version:$aTasch, Fritz Adam, 1894-$tAenderung der Umwelt unserer Landwirtschaft und die Anpassung an diese Aenderung.$d[Place of publication not identified] [Place of publication not identified] [1921]$w(OCoLC)1114918461
=856  41$3HathiTrust DIgital Library$uhttps://hdl.handle.net/2027/hvd.hnfb6z$70
=930  \\$a20220622$b00000000$c00000000
=946  \\$aNon-US
=959  \\$a$c2022/06/22$ecmartinez$gupgrade


