=LDR  02006cam a2200505Ii 4500
=001  691025
=005  20220415083507.0
=008  950309s1937\\\\fluabe\\\\\\\\000\0\eng\\
=010  \\$a   37028270 
=035  \\$a691025
=035  \\$a(OCoLC)ocm01740145
=040  \\$aDLC$beng$cJPL$dOCLCQ$dAGL$dOCLCF$dOCLCO$dOCLCQ$dOCL$dOCLCA
=016  7\$aCAT10904165$2DNAL
=029  1\$aAU@$b000027371314
=043  \\$an-us-fl
=070  0\$a280.7$bF66S
=072  \0$aX800
=049  \\$aAGLL
=110  1\$aFlorida.$bState Planning Board.
=245  10$aSummary report, March 7, 1934--December 31 1936.$bIn four sections: 1. land. 2. Water. 3. Transportation and schools. 4. County planning and public works. Florida State planning board ... Tallahassee, Florida.
=264  \1$a[Tallahassee],$c[1937]
=300  \\$a1 preliminary leaf, x, 96 pages$billustrations, folded maps, diagrams (some folded)$c23 cm
=336  \\$atext$btxt$2rdacontent
=337  \\$aunmediated$bn$2rdamedia
=338  \\$avolume$bnc$2rdacarrier
=500  \\$aEach section preceded by leaf with half-title not included in the paging.
=500  \\$a"Publications": p. 95-96.
=590  \\$aSee also 280.7 F66.
=650  \0$aRegional planning.
=650  \0$aNatural resources.
=650  \0$aSocial surveys.
=650  \3$asociology$9auto-assigned by category code
=650  \3$aeducation$9auto-assigned by category code
=650  \3$aculture and humanities$9auto-assigned by category code
=650  \7$aEconomic history.$2fast$0(OCoLC)fst00901974
=650  \7$aNatural resources.$2fast$0(OCoLC)fst01034403
=650  \7$aRegional planning.$2fast$0(OCoLC)fst01093120
=650  \7$aSocial conditions.$2fast$0(OCoLC)fst01919811
=650  \7$aSocial surveys.$2fast$0(OCoLC)fst01123390
=651  \7$aFlorida.$2fast$0(OCoLC)fst01205150
=651  \0$aFlorida$xEconomic conditions.
=651  \0$aFlorida$xSocial conditions.
=930  \\$a20220415$b00000000$c00000000
=946  \\$aOther US
=959  \\$a$c2022/04/14$ecmartinez$gupgrade

