=LDR  01800cam a2200457Ii 4500
=001  689913
=005  20220328180017.0
=008  950309s1922\\\\dcu\\\\\\\\\\f000\0\eng\d
=035  \\$a(OCoLC)ocm43100258
=035  \\$a689913
=040  \1$aSEN$beng$cSEN$dAGL$dOCLCF$dOCLCQ$dOCLCO
=016  7\$aCAT10902869$2DNAL
=043  \\$an-us---
=070  0\$a280.3$bUn33W
=072  \0$aQ110
=072  \0$aE700
=072  \0$aD500
=049  \\$aAGLL
=110  1\$aUnited States.$bCongress.$bHouse.$bCommittee on Agriculture.
=245  10$aWarehouse bill :$bhearings before the Committee on Agriculture, House of Representatives, Sixty-seventh Congress, second session, on H.R. 2343 on February 8, 1922.
=264  \1$aWashington :$bU.S. G.P.O.,$c1922.
=300  \\$a23 pages ;$c23 cm
=336  \\$atext$btxt$2rdacontent
=337  \\$aunmediated$bn$2rdamedia
=338  \\$avolume$bnc$2rdacarrier
=500  \\$a"Serial Q."
=650  \0$aWarehouses$xLaw and legislation$zUnited States.
=650  \0$aFarm produce$xStorage$zUnited States.
=650  \0$aFarm produce$xStorage$xLaw and legislation$zUnited States.
=650  \7$aFarm produce$xStorage.$2fast$0(OCoLC)fst00921212
=650  \7$aWarehouses$xLaw and legislation.$2fast$0(OCoLC)fst01170776
=650  \3$alaws and regulations$9auto-assigned by category code
=650  \3$amarketing$9auto-assigned by category code
=650  \3$adistribution (economics)$9auto-assigned by category code
=650  \3$aagricultural economics$9auto-assigned by category code
=650  \3$aagribusiness$9auto-assigned by category code
=650  \3$afood storage$9auto-assigned by category code
=651  \7$aUnited States.$2fast$0(OCoLC)fst01204155
=930  \\$a20220328$b00000000$c00000000
=946  \\$aOther US
=959  \\$a$c2022/03/27$ecmartinez$gupgrade

