=LDR  00966cam a2200301Mi 4500
=001  693926
=005  20220419180013.0
=008  950310s1932\\\\xx\\\\\\\\\\\l000\0\rus\d
=035  \\$a(OCoLC)ocm71079245
=035  \\$a693926
=040  \\$aAGL$beng$cAGL$dOCLCO$dOCLCQ$dOCLCA$dOCLCO$dAGL
=016  7\$aCAT10975623$2DNAL
=070  0\$a281.179$bM852P
=072  \0$aE200
=049  \\$aAGLL
=110  1\$aMoscow (Russia).$bNauchno-issledovatelʹskiĭ sovkhoznyĭ institut.
=245  10$aPakhta-Aral v 4 zavershaiushem.
=260  \\$c1932.
=300  \\$a151 pages
=336  \\$atext$btxt$2rdacontent
=337  \\$aunmediated$bn$2rdamedia
=338  \\$avolume$bnc$2rdacarrier
=650  \3$amicroeconomics$9auto-assigned by category code
=650  \3$afarm management$9auto-assigned by category code
=650  \3$aagricultural economics$9auto-assigned by category code
=930  \\$a20220419$b00000000$c00000000
=946  \\$aNon-US
=959  \\$a$c2022/04/18$ecmartinez$gupgrade


