=LDR  01629cam a2200457Mi 4500
=001  696779
=005  20220325083516.0
=008  950313s1931\\\\xx\\\\\\\\\\\\000\0\eng\d
=035  \\$a(OCoLC)ocm71080974
=035  \\$a696779
=040  \\$aAGL$beng$cAGL$dOCLCQ$dDEH$dOCLCO$dOCLCF$dWAU
=016  7\$aCAT10907151$2DNAL
=070  0\$a281.372$bAm3
=072  \0$aF120
=072  \0$aS200
=072  \0$aE400
=072  \0$aE100
=049  \\$aAGLL
=110  2\$aAmerican Cotton Cooperative Association.
=245  14$aThe existing cotton emergency :$bthe problem, the remedy and the needed cooperation.
=260  \\$c[1931?]
=300  \\$a29 pages ;$c23 cm
=336  \\$atext$btxt$2rdacontent
=337  \\$aunmediated$bn$2rdamedia
=338  \\$avolume$bnc$2rdacarrier
=650  \0$aCotton growing.
=650  \0$aCotton trade$zUnited States.
=650  \7$aCotton growing.$2fast$0(OCoLC)fst00880982
=650  \7$aCotton trade.$2fast$0(OCoLC)fst00881080
=650  \3$aagricultural economics$9auto-assigned by category code
=650  \3$aeconomics$9auto-assigned by category code
=650  \3$acooperatives$9auto-assigned by category code
=650  \3$anonfood plant products$9auto-assigned by category code
=650  \3$aplant cultural practices$9auto-assigned by category code
=650  \3$afield crops$9auto-assigned by category code
=650  \3$acrop production$9auto-assigned by category code
=650  \3$aagronomy$9auto-assigned by category code
=651  \7$aUnited States.$2fast$0(OCoLC)fst01204155
=930  \\$a20220325$b00000000$c00000000
=946  \\$aOther US
=959  \\$a$c2022/03/24$ecmartinez$gupgrade

