=LDR  01335cam a2200361I  4500
=001  700519
=005  20220723083508.0
=008  950314s1921\\\\mbc\\\\\\\\\\\000\0\eng\\
=010  \\$a   22000947 
=035  \\$a(OCoLC)ocm43427314
=035  \\$a700519
=040  \\$aDLC$beng$cNYP$dOCLCQ$dAGL$dOCLCF$dOCLCO$dOCLCQ$dOCLCO$dAGL
=016  7\$aCAT10908911$2DNAL
=043  \\$an-us---
=070  0\$a284.2$bC38
=072  \0$aE100
=049  \\$aAGLL
=100  1\$aChassell, E. D.$q(Edward D.),$d1858-1928.
=245  10$aRural credits in the United States;$ban address delivered before the members of the Dominion mortgage and investments association, Winnipeg, Canada, May 12th, 1921 /$cBy E.D. Chassell.
=260  \\$a[Winnipeg?],$c[1921]
=300  \\$a19, [1] pages ;$c23 cm
=336  \\$atext$btxt$2rdacontent
=337  \\$aunmediated$bn$2rdamedia
=338  \\$avolume$bnc$2rdacarrier
=650  \0$aAgricultural credit$zUnited States.
=650  \0$aMortgage banks$zUnited States.
=650  \7$aAgricultural credit.$2fast$0(OCoLC)fst00800626
=650  \7$aMortgage banks.$2fast$0(OCoLC)fst01026553
=650  \3$aagricultural economics$9auto-assigned by category code
=651  \7$aUnited States.$2fast$0(OCoLC)fst01204155
=930  \\$a20220723$b00000000$c00000000
=946  \\$aOther US
=959  \\$a$c2022/07/19$ecmartinez$gupgrade

