=LDR  03029cam a2200565Ia 4500
=001  706863
=005  20220730083508.0
=008  950315s1937\\\\dcu\\\\\\b\\\f000\0\eng\d
=035  \\$a(OCoLC)ocm34183119
=035  \\$a706863
=040  \\$aMUU$beng$cMUU$dIQU$dCZL$dAGL$dOCLCQ$dOCLCF$dOCLCQ$dOCLCA$dGPO$dWIH$dOCLCQ$dOCLCO$dFUG$dOCL$dAGL
=016  7\$aCAT10930813$2DNAL
=043  \\$an-us---
=070  0\$a173.2$bW89Ca
=072  \0$aX700
=086  0\$aY 3.W 89/2:13 C 28/937
=049  \\$aAGLL
=245  00$aCatalog of research bulletins /$cissued by Research Section, Division of Research, Statistics, and Finance, Federal Emergency Relief Administration and Division of Social Research, Works Progress Administration.
=260  \\$aWashington, D.C. :$bDivision of Social Research, Works Progress Administration,$c[1937]
=300  \\$a22 leaves ;$c27 cm
=336  \\$atext$btxt$2rdacontent
=337  \\$aunmediated$bn$2rdamedia
=338  \\$avolume$bnc$2rdacarrier
=500  \\$aAs of 2/13/2018, GPO could not validate the distribution status of this title for the Federal Depository Library Program (FDLP).
=500  \\$aCover title.
=500  \\$aAt head of title: ... Works Progress Administration, Harry L. Hopkins, administrator, Corrington Gill, assistant administrator, Howard B. Myers, director, Division of Social Research.
=500  \\$a"September 1937."
=500  \\$aMimeographed.
=590  \\$aHave also 1936 ed.
=610  10$aUnited States.$bFederal Emergency Relief Administration$vBibliography.
=610  10$aUnited States.$bWorks Progress Administration$vBibliography.
=650  \0$aUnemployed$zUnited States$vBibliography.
=650  \0$aPublic service employment$zUnited States$vBibliography.
=650  \0$aDisaster relief$zUnited States$vBibliography.
=650  \0$aPublic works$zUnited States$vBibliography.
=610  17$aUnited States.$bFederal Emergency Relief Administration.$2fast$0(OCoLC)fst00517152
=610  17$aUnited States.$bWorks Progress Administration.$2fast$0(OCoLC)fst00558757
=650  \7$aDisaster relief.$2fast$0(OCoLC)fst00894731
=650  \7$aPublic service employment.$2fast$0(OCoLC)fst01083032
=650  \7$aPublic works.$2fast$0(OCoLC)fst01083369
=650  \7$aUnemployed.$2fast$0(OCoLC)fst01161152
=650  \3$aeconomics$9auto-assigned by category code
=650  \3$amarket analysis$9auto-assigned by category code
=651  \7$aUnited States.$2fast$0(OCoLC)fst01204155
=655  \7$aBibliographies.$2fast$0(OCoLC)fst01919895
=710  1\$aUnited States.$bWorks Progress Administration.
=776  08$iOnline version:$tCatalog of research bulletins issued by Research Section, Division of Research, Statistics, and Finance, Federal Emergency Relief Administration and Division of Social Research, Works Progress Administration.$dWashington, D.C. : Division of Social Research, Works Progress Administration, [1937]$w(OCoLC)1103249067
=930  \\$a20220730$b00000000$c00000000
=946  \\$aOther US
=959  \\$a$c2022/03/09$ecmartinez$gupgrade

