=LDR  01835cam a2200469 a 4500
=001  693477
=005  20220602180024.0
=008  950310s1934\\\\it\af\\\\c\\\f000\0\ita\d
=035  \\$a(OCoLC)ocm71078926
=035  \\$a693477
=040  \\$aAGL$beng$cAGL$dMUU$dOCLCF$dOCLCA$dOCLCQ$dOCLCA$dOCLCQ$dOCLCO$dAGL
=016  7\$aCAT10973439$2DNAL
=043  \\$ae-it---
=070  0\$a281.369$bIt1
=072  \0$aE700
=072  \0$aS200
=049  \\$aAGLL
=110  1\$aItaly.$bAmministrazione dei monopoli di stato.
=242  00$aItalian tobaccos:$bcatalog 1934-XII.$yeng
=245  12$aI tabacchi italiani :$bcatalogo 1934-XII /$cMonopoli di stato, Italia.
=264  \1$a[Italy] :$bBergamo, Istituto Italiano d`Arti Grafiche,$c1934
=300  \\$a20 pages, xxvii leaves of plates :$billustrations (chiefly color) ;$c28 cm
=336  \\$atext$btxt$2rdacontent
=337  \\$aunmediated$bn$2rdamedia
=338  \\$avolume$bnc$2rdacarrier
=500  \\$aContains additional advertising material.
=650  \0$aTobacco industry$zItaly.
=650  \0$aTobacco$zItaly$vCatalogs.
=650  \0$aSmoking paraphernalia$zItaly$vCatalogs.
=650  \7$aSmoking paraphernalia.$2fast$0(OCoLC)fst01121741
=650  \7$aTobacco.$2fast$0(OCoLC)fst01432109
=650  \7$aTobacco industry.$2fast$0(OCoLC)fst01151931
=650  \3$anonfood plant products$9auto-assigned by category code
=650  \3$amarketing$9auto-assigned by category code
=650  \3$adistribution (economics)$9auto-assigned by category code
=650  \3$aagricultural economics$9auto-assigned by category code
=650  \3$aagribusiness$9auto-assigned by category code
=651  \7$aItaly.$2fast$0(OCoLC)fst01204565
=655  \7$aCatalogs.$2fast$0(OCoLC)fst01423692
=930  \\$a20220602$b00000000$c00000000
=946  \\$aNon-US
=959  \\$a$c2022/06/02$ecmartinez$gupgrade

