=LDR  01982cam a2200469Ia 4500
=001  683771
=005  20220312180010.0
=008  950202s1884\\\\laubefh\\\\\\\000\0\eng\\
=010  \\$a   11017538 
=035  \\$a(OCoLC)ocm02581868
=035  \\$a683771
=040  \\$aDLC$beng$cIAU$dOCL$dOCLCQ$dAGL$dOCLCF$dOCLCQ$dOCLCO$dLNC$dAGL
=016  7\$aCAT10739724$2DNAL
=029  1\$aAU@$b000028483482
=070  0\$a72$bC42
=072  \0$aF120
=072  \0$aE700
=072  \0$aS200
=049  \\$aAGLL
=100  1\$aChew, Morris R.
=245  10$aHistory of the kingdom of cotton and cotton statistics of the world.$bThe earliest history of cotton production and manufacture [etc.]$cBy Morris R. Chew.
=260  \\$aNew Orleans,$bPrinted by W.B. Stansbury & Co.,$c1884.
=300  \\$a96 pages$bfrontispiece, 25 plates, portrait, folded map, plan, facsimile$c19 cm
=336  \\$atext$btxt$2rdacontent
=337  \\$aunmediated$bn$2rdamedia
=338  \\$avolume$bnc$2rdacarrier
=650  \0$aCotton$xHistory.
=650  \3$anonfood plant products$9auto-assigned by category code
=650  \3$amarketing$9auto-assigned by category code
=650  \3$adistribution (economics)$9auto-assigned by category code
=650  \3$aagricultural economics$9auto-assigned by category code
=650  \3$aagribusiness$9auto-assigned by category code
=650  \3$aplant cultural practices$9auto-assigned by category code
=650  \3$afield crops$9auto-assigned by category code
=650  \3$acrop production$9auto-assigned by category code
=650  \3$aagronomy$9auto-assigned by category code
=650  \7$aCotton.$2fast$0(OCoLC)fst00880858
=655  \7$aHistory.$2fast$0(OCoLC)fst01411628
=776  08$iOnline version:$aChew, Morris R.$tHistory of the kingdom of cotton and cotton statistics of the world.$dNew Orleans, Printed by W.B. Stansbury & Co., 1884$w(OCoLC)874777744
=930  \\$a20220312$b00000000$c00000000
=946  \\$aNon-US
=959  \\$a$c2022/03/09$ecmartinez$gupgrade

