=LDR  01558cam a22004455i 4500
=001  693087
=005  20220531180018.0
=008  950310s1932\\\\xx\\\\\\\\\\\\000\0\ger\d
=035  \\$a(OCoLC)on1289128357
=035  \\$a693087
=040  \\$aAGL$beng$cAGL$dAGL
=016  7\$aCAT10971738$2DNAL
=043  \\$ae-gx---
=070  0\$a281.175$bW49
=072  \0$aE100
=072  \0$aE130
=049  \\$aAGLL
=100  1\$aWerbelow, Berndt,$d1906-
=242  00$aAgriculture and industry in north-eastern Germany:$ban economic-geographical study.$yeng
=245  10$aLandwirtschaft und Industrie in Nordostdeutschland :$beine wirtschaftsgeographische Untersuchung /$cBerndt Werbelow.
=264  \1$a[Place of publication not identified] :$bB. Werbelow,$c1932
=264  \3$aGreifswald :$bHans Adler BRC
=300  \\$a82 pages ;$c22 cm
=336  \\$atext$btxt$2rdacontent
=337  \\$aunmediated$bn$2rdamedia
=338  \\$avolume$bnc$2rdacarrier
=502  \\$bdoctoral$cErnst-Moritz-Arndt-Universität Greifswald$d1932
=650  \3$aproduction economics.
=650  \3$amacroeconomics.
=650  \3$aagricultural economics.
=650  \0$aIndustries$zGermany.
=650  \0$aAgriculture$zGermany.
=650  \7$aAgriculture.$2fast$0(OCoLC)fst00801355
=650  \7$aIndustries.$2fast$0(OCoLC)fst00971852
=651  \7$aGermany.$2fast$0(OCoLC)fst01210272
=655  \7$aAcademic theses.$2lcgft
=655  \7$aAcademic theses.$2fast$0(OCoLC)fst01726453
=930  \\$a20220531$b00000000$c00000000
=946  \\$aNon-US
=959  \\$a$c2022/05/28$ecmartinez$gupgrade


