=LDR  02458cam a2200493Mi 4500
=001  700686
=005  20220804180014.0
=008  950314s1930\\\\wau\\\\\\\\\\\000\0\eng\d
=035  \\$a(OCoLC)ocm67310859
=035  \\$a700686
=040  \\$aEYM$beng$cEYM$dAGL$dOCLCF$dOCLCO$dOCLCQ$dOCLCO$dAGL
=016  7\$aCAT10909245$2DNAL
=042  \\$adlr
=043  \\$an-us---
=070  0\$a284.2$bUn37Re
=072  \0$aE100
=072  \0$aD500
=049  \\$aAGLL
=110  1\$aUnited States.$bCongress.$bSenate.$bCommittee on Agriculture and Forestry.
=245  10$aRelief for drought-stricken areas. :$bHearing before the Committee on agriculture and forestry, United States Senate, Seventy-first Congress, third session, on S.4786, S.J. Res. 209, S.J. Res. 210, S.J. Res. 211, S.J. Res. 215, and S.J. Res. 216, December 5, 1930. /$cCommittee on Agriculture and Forestry.
=264  \1$aWashington :$bU.S. Govt. Print. Off.,$c1930.
=300  \\$aiii, 60 pages ;$c23 cm
=336  \\$atext$btxt$2rdacontent
=337  \\$aunmediated$bn$2rdamedia
=338  \\$avolume$bnc$2rdacarrier
=588  0\$aPrint version record.
=650  \0$aAgriculture$zUnited States$vCongresses.
=650  \0$aAgricultural credit$zUnited States$vCongresses.
=650  \0$aDroughts$zUnited States$vCongresses.
=650  \7$aAgriculture.$2fast$0(OCoLC)fst00801355
=650  \7$aAgricultural credit.$2fast$0(OCoLC)fst00800626
=650  \7$aAgriculture$vCongresses.$2fast$0(OCoLC)fst00801395
=650  \7$aDroughts.$2fast$0(OCoLC)fst00898449
=650  \3$alaws and regulations$9auto-assigned by category code
=650  \3$aagricultural economics$9auto-assigned by category code
=651  \7$aUnited States.$2fast$0(OCoLC)fst01204155
=655  \3$aInternet resource
=776  08$iOnline version:$aUnited States. Congress. Senate. Committee on Agriculture and Forestry.$tRelief for drought-stricken areas.$dWashington, U.S. Govt. print. off., 1930$w(OCoLC)581649136
=776  08$iOnline version:$aUnited States. Congress. Senate. Committee on Agriculture and Forestry.$tRelief for drought-stricken areas.$dWashington, U.S. Govt. print. off., 1930$w(OCoLC)631216735
=856  41$3Google$uhttp://books.google.com/books?id=viLRAAAAMAAJ
=856  41$3HathiTrust Digital Library, Limited view (search only)$uhttp://catalog.hathitrust.org/api/volumes/oclc/67310859.html
=930  \\$a20220804$b00000000$c00000000
=946  \\$aOther US
=959  \\$a$c2022/07/30$ecmartinez$gupgrade

