=LDR  01290cam a2200361Mi 4500
=001  691301
=005  20220416083511.0
=008  950309s1934\\\\oru\\\\\\\\\\\000\0\eng\d
=035  \\$a(OCoLC)ocm71077667
=035  \\$a691301
=040  \\$aAGL$beng$cAGL$dOCLCO$dOCLCQ$dAGL
=016  7\$aCAT10691301$2DNAL
=070  0\$a280.7$bOr3P
=072  \0$aX700
=072  \0$aX800
=049  \\$aAGLL
=110  2\$aOregon State Planning Council.
=245  12$aA preliminary plan for Oregon :$brecommendations for Oregon's development (Abstracted from the reports of the Divisional Committees of the Oregon Planning Council, submitted to the Governor's Planning Committee December 5, 1934) : a program of policies, projects and research to develop resources and promote the welfare of the people.
=260  \\$c1934.
=300  \\$a20 pages
=336  \\$atext$btxt$2rdacontent
=337  \\$aunmediated$bn$2rdamedia
=338  \\$avolume$bnc$2rdacarrier
=650  \0$aPublic works$xDevelopment$zOregon.
=650  \0$aLand use$zOregon$xPlanning.
=650  \3$asociology.
=650  \3$aeducation.
=650  \3$aculture and humanities.
=650  \3$amarket analysis.
=650  \3$aeconomics.
=930  \\$a20220416$b00000000$c00000000
=946  \\$aOther US
=959  \\$a$c2022/04/15$ecmartinez$gupgrade

