=LDR  01777cam a2200445I  4500
=001  708287
=005  20220406180017.0
=008  950316s1935\\\\dcuab\\\\s\\\f000\0\eng\\
=010  \\$a   35026735 
=016  7\$aCAT10901237$2DNAL
=035  \\$a(OCoLC)ocn192001835
=035  \\$a708287
=040  \\$aLKR$beng$cLKR$dKLP$dOCLCO$dOCLCA$dOCLCF$dOCLCQ$dOCLCO$dOSO$dSFR$dNLC$dZAP$dOCLCQ$dOKS$dCEF$dOCLCQ$dUMK$dOCLCO$dOCLCA$dAGL
=019  \\$a1023836259
=029  1\$aNLC$b000009579184
=070  0\$a157.41$bN31A
=072  \0$aX800
=086  0\$aC 3.2:N 31/2
=049  \\$aAGLL
=110  1\$aUnited States.$bBureau of the Census.
=245  10$aNegroes in the United States:$b1920-1932.
=260  \\$aWashington,$bGovernment Printing Office,$c1935.
=300  \\$a845 pages :$bincluding illustrations (maps) tables diagrams ;$c31 cm
=336  \\$atext$btxt$2rdacontent
=337  \\$aunmediated$bn$2rdamedia
=338  \\$avolume$bnc$2rdacarrier
=500  \\$aAt head of title: U.S. Department of Commerce. Daniel C. Roper, Secretary. Bureau of the Census. William Lane Austin, Director.
=500  \\$a"Prepared under the supervision of Z.R. Pettet, Chief Statistician for Agriculture by Charles E. Hall, specialist in Negro statistics.
=590  \\$aSupplements the volume, Negro population in the United States, 1790- 1915, pub. in 1918. 157.41 N31.
=650  \0$aAfrican Americans$vStatistics.
=650  \3$asociology.
=650  \3$aeducation.
=650  \3$aculture and humanities.
=650  \7$aAfrican Americans.$2fast$0(OCoLC)fst00799558
=650  \3$aAfrican Americans
=653  \\$a(DNLM)D001741
=655  \7$aStatistics.$2fast$0(OCoLC)fst01423727
=930  \\$a20220406$b00000000$c00000000
=946  \\$aOther US
=959  \\$a$c2022/04/06$ecmartinez$gupgrade

