=LDR  01590cam a2200385Ia 4500
=001  706415
=005  20221003083552.0
=008  950315s1933\\\\dcu\\\\\\\\\\f000\0\eng\d
=035  \\$a(OCoLC)ocm42673739
=035  \\$a706415
=040  \\$aDNU$beng$cDNU$dAGL$dWAU$dOCLCF$dOCLCQ$dVPI$dOCLCQ$dOCLCO
=016  7\$aCAT10930310$2DNAL
=043  \\$an-us---
=070  0\$a173.2$bH75H
=072  \0$aE100
=086  0\$aY 3.F 31/3:2 Sa 9
=049  \\$aAGLL
=245  00$aHow to organize a federal savings and loan association :$bthe federal way to thrift and home ownership.
=260  \\$a[Washington, D.C.] :$bFederal Savings and Loan Association,$c[1933]
=300  \\$a12 pages ;$c23 x 11 cm
=336  \\$atext$btxt$2rdacontent
=337  \\$aunmediated$bn$2rdamedia
=338  \\$avolume$bnc$2rdacarrier
=500  \\$aCover title.
=650  \0$aSavings and loan associations$zUnited States$xManagement.
=650  \7$aSavings and loan associations$xManagement.$2fast$0(OCoLC)fst01106015
=650  \3$aagricultural economics$9auto-assigned by category code
=651  \7$aUnited States.$2fast$0(OCoLC)fst01204155
=655  \3$aInternet resource
=710  1\$aUnited States.$bFederal Home Loan Bank Board.
=776  08$iOnline version:$tHow to organize a federal savings and loan association.$d[Washington, D.C.] : Federal Savings and Loan Association, [1933]$w(OCoLC)919943070
=856  41$3HathiTrust Digital Library$uhttp://catalog.hathitrust.org/api/volumes/oclc/42673739.html
=930  \\$a20221003$b00000000$c00000000
=946  \\$aOther US
=959  \\$a$c2022/09/29$ecmartinez$gupgrade

