=LDR  01807cam a2200469Ia 4500
=001  695625
=005  20220424180012.0
=008  950310s1930\\\\xx\\\\\\\\\\\\000\0\eng\d
=035  \\$a(OCoLC)ocm30905443
=035  \\$a695625
=040  \\$aAUM$beng$cAUM$dOCLCQ$dAGL$dOCLCQ$dOCLCF$dOCLCQ$dOCLCO$dAGL
=016  7\$aCAT10905917$2DNAL
=043  \\$ae-un---
=070  0\$a281.179$bL57 Fo
=070  0\$a281.179$bL57
=072  \0$aE100
=072  \0$aE200
=049  \\$aAGLL
=100  1\$aLevenshtam, M.
=245  10$aAgriculture in the Ukrainian Soviet Socialist Republic /$cby Michael E. Levenshtam.
=260  \\$c[1930]
=300  \\$a22 leaves ;$c37 cm
=336  \\$atext$btxt$2rdacontent
=337  \\$aunmediated$bn$2rdamedia
=338  \\$avolume$bnc$2rdacarrier
=500  \\$aPaper presented at the International Conference of Agricultural Economists at Ithaca, N.Y., August 1930.
=500  \\$aMimeograph of typescript.
=650  \0$aAgriculture$zUkraine.
=650  \0$aAgriculture$zSoviet Union.
=650  \7$aAgriculture.$2fast$0(OCoLC)fst00801355
=650  \3$amicroeconomics$9auto-assigned by category code
=650  \3$afarm management$9auto-assigned by category code
=650  \3$aagricultural economics$9auto-assigned by category code
=651  \7$aUkraine.$2fast$0(OCoLC)fst01211738
=655  \3$aInternet resource
=776  08$iOnline version:$aLevenshtam, M.$tAgriculture in the Ukrainian Soviet Socialist Republic.$d[1930]$w(OCoLC)685219276
=856  41$a85640$3HathiTrust Digital Library, Limited view (search only)$uhttp://catalog.hathitrust.org/api/volumes/oclc/30905443.html
=930  \\$a20220424$b00000000$c00000000
=939  \\$a20191011$b20191101$c00000000
=946  \\$aNon-US
=959  \\$a$c2019/10/11$ergallett$gloc
=959  \\$a$c2022/04/24$ecmartinez$gupgrade

