=LDR  01733ctm a22004334a 4500
=001  693239
=005  20220921180049.0
=008  950310s1930\\\\xx\ab\\\\m\\\\000\0\ger\d
=035  \\$a(OCoLC)ocn843370841
=035  \\$a693239
=040  \\$aZAP$beng$cZAP$dOCLCQ$dOCLCO$dOCLCF$dOCLCO$dAGL
=016  7\$aCAT10971962$2DNAL
=043  \\$ae-gx---
=070  0\$a282$bG27
=072  \0$aE110
=049  \\$aAGLL
=100  1\$aGeith, Richard,$d1900-
=242  14$aThe land use systems in the Saxon Ore Mountains and Vogtlande /$cRichard Geith.$yeng
=245  14$aDie Bodennutzungssysteme im sachsischen Erzgebirge und Vogtlande /$cRichard Geith.
=260  \\$a[Place of publication not identified] :$bR. Geith,$c1930.$e(Liebertwolkwitz bei Leipzig :$fF. Zeugner)
=300  \\$ax, 95 pages, 7 unnumbered leaves of plates (some folded) :$billustrations, maps ;$c23 cm
=336  \\$atext$btxt$2rdacontent
=337  \\$aunmediated$bn$2rdamedia
=338  \\$avolume$bnc$2rdacarrier
=502  \\$bPh.D$cUniversitat Leipzig
=650  \0$aAgriculture$zGermany$zSaxony.
=650  \3$amacroeconomics$9auto-assigned by category code
=650  \3$aland use$9auto-assigned by category code
=650  \3$aland management$9auto-assigned by category code
=650  \3$aeconomics$9auto-assigned by category code
=651  \0$aGermany$xLand tenure.
=650  \7$aAgriculture.$2fast$0(OCoLC)fst00801355
=651  \7$aGermany$zSaxony.$2fast$0(OCoLC)fst01233658
=655  \7$aAcademic theses.$2fast$0(OCoLC)fst01726453
=655  \7$aAcademic theses.$2lcgft
=655  \7$aThèses et écrits académiques.$2rvmgf$0(CaQQLa)RVMGF-000001173
=930  \\$a20220921$b00000000$c00000000
=946  \\$aNon-US
=959  \\$a$c2022/09/02$ecmartinez$gupgrade


