=LDR  01377cam a22003731  4500
=001  694758
=005  20220520180015.0
=008  950310s1932\\\\gw\ab\\\\bm\\\000\0\ger\d
=035  \\$a694758
=035  \\$a(OCoLC)ocm39068121
=040  \\$aNYP$beng$cNYP$dOCLCQ$dAGL$dGBVCP$dOCLCQ$dOCLCO$dOCLCF$dOCLCQ$dOCLCO$dAGL
=016  7\$aCAT10942311$2DNAL
=029  1\$aGBVCP$b06571475X
=070  0\$a281.161$bL96
=072  \0$aE100
=049  \\$aAGLL
=100  1\$aLübbe, Leopold von,$d1901-
=242  00$aArgentine agriculture and the agrarian crisis of 1922, its causes and effects.$yeng
=245  14$aDie argentinische Landwirtschaft und die Agrarkrisis von 1922, ihre Ursachen und Wirkungen /$cLeopold von Lübbe.
=264  \1$aRostock :$bAdlers Erben,$c1932.
=300  \\$a91 pages :$bdiagram, tables, illustrations (map) ;$c24 cm
=336  \\$atext$btxt$2rdacontent
=337  \\$aunmediated$bn$2rdamedia
=338  \\$avolume$bnc$2rdacarrier
=502  \\$cBerlin$d1930?
=500  \\$aLebenslauf.
=504  \\$a"Literaturverzeichnis," p. 90-91
=650  \0$aAgriculture$xEconomic aspects$zArgentina.
=650  \3$aagricultural economics$9auto-assigned by category code
=655  \7$aAcademic theses.$2fast$0(OCoLC)fst01726453
=655  \7$aAcademic theses.$2lcgft
=930  \\$a20220520$b00000000$c00000000
=946  \\$aNon-US
=959  \\$a$c2022/04/25$ecmartinez$gupgrade


