=LDR  01762cam a2200409 a 4500
=001  702018
=005  20220313083556.0
=008  950314s1933\\\\nyu\\\\\\\\\\\000\0\eng\d
=035  \\$a(OCoLC)ocm40112853
=040  \\$aZCU$beng$cZCU$dAGL$dOSU$dOCLCF$dOCLCQ$dOCLCO$dOCLCQ
=016  7\$aCAT10910671$2DNAL
=035  \\$a702018
=070  0\$a286$bH36 1933
=072  \0$aE700
=049  \\$aAGLL
=110  2\$aHenry Hentz and Company.
=245  14$aThe commodity markets.
=260  \\$aNew York,$aBoston$bH. Hentz & Co.,$c1933.
=300  \\$a143 pages$c23 cm
=336  \\$atext$btxt$2rdacontent
=337  \\$aunmediated$bn$2rdamedia
=338  \\$avolume$bnc$2rdacarrier
=500  \\$a"A series of tables which ... give the price ranges for the various commodities ... as well as other data ... of interest to those who have occasion to use these markets."--Foreword, p. 12
=500  \\$aIncludes data relative to the following products: cocoa, coffee, copper, cotton, cotton seed oil, grains, hides, rubber, silk, sugar, tin, and wool.
=500  \\$aBlank pages for "Memoranda" (135-136)
=650  \0$aPrices.
=650  \0$aCommercial products.
=650  \3$amarketing$9auto-assigned by category code
=650  \3$adistribution (economics)$9auto-assigned by category code
=650  \3$aagricultural economics$9auto-assigned by category code
=650  \3$aagribusiness$9auto-assigned by category code
=650  \7$aPrices.$2fast$0(OCoLC)fst01076207
=650  \7$aCommercial products.$2fast$0(OCoLC)fst00869578
=776  08$iOnline version:$aHenry Hentz and Company.$tCommodity markets.$dNew York, Boston H. Hentz & Co., 1933$w(OCoLC)950552623
=930  \\$a20220313$b00000000$c00000000
=946  \\$aOther US
=959  \\$a$c2022/03/09$ecmartinez$gupgrade

