=LDR  01373cam a2200349Mi 4500
=001  691595
=005  20220831180019.0
=008  950309s1932\\\\gw\\\\\\\\\\\\000\0\ger\d
=035  \\$a(OCoLC)on1289123690
=035  \\$a691595
=040  \\$aAGL$beng$cAGL$dAGL$dOCLCO$dOCLCF$dAGL
=016  7\$aCAT10942207$2DNAL
=043  \\$ae-gx---$aer-----
=070  0\$a280.393$bD56
=072  \0$aE700
=072  \0$aQ005
=049  \\$aAGLL
=100  1\$aDietrich, Wilhelm,$d1905-
=242  04$aThe production and sales conditions of fruit growing in the Koblenz growing area on the Rhine and Moselle, as well as in the growing areas around Trier$yeng
=245  14$aDie erzeugungs- und absatzverhältnisse des obstbaues im Koblenzer anbaugebiet an Rhein und Mosel, sowie in den anbaugebieten um Trier /$cWilhelm Dietrich.
=264  \1$aBonn :$bFieseler ;$c1932.
=300  \\$a119 pages;$c8 volumes
=650  \0$aFruit trade$zGermany$zKoblenz$xMarketing.
=650  \0$aFruit trade$zRhine River$xMarketing.
=650  \0$aFruit trade$zMoselle River$xMarketing.
=651  \7$aEurope$zMoselle River.$2fast$0(OCoLC)fst01240420
=651  \7$aGermany$zKoblenz.$2fast$0(OCoLC)fst01212511
=651  \7$aRhine River.$2fast$0(OCoLC)fst01241013
=930  \\$a20220831$b00000000$c00000000
=946  \\$aNon-US
=959  \\$a$c2022/03/28$ecmartinez$gupgrade
=959  \\$a$c2022/08/30$epdesai$gother


