=LDR  02931cam a2200541M  4500
=001  698606
=005  20220701180011.0
=008  950313s1930\\\\dcu\\\\\\l\\\f000\0\eng\d
=035  \\$a(OCoLC)ocm61674875
=035  \\$a698606
=040  \\$aCLE$beng$cSTF$dAGL$dOCLCF$dOCLCO$dOCLCQ$dOCLCA$dOCLCO$dAGL
=016  7\$aCAT10909267$2DNAL
=043  \\$anwpr---
=070  0\$a284.2$bUn324D
=072  \0$aB200
=072  \0$aE200
=072  \0$aD500
=049  \\$aAGLL
=245  00$aDrought and storm relief :$bAgricultural experiment station work in Porto Rico :$khearings before the United States House Committee on Agriculture, Seventy-First Congress, third session, on,$fDecember 4, 5  and 17, 1930.
=264  \1$aWashington :$bUnited States Governnment Printing Office,$c1930.
=300  \\$a74 pages, 2 parts in 1 volume
=336  \\$atext$btxt$2rdacontent
=337  \\$aunmediated$bn$2rdamedia
=338  \\$avolume$bnc$2rdacarrier
=500  \\$aIssued in two parts.
=500  \\$a"Serial R."
=505  0\$a[Pt. 1] Drought and storm relief. Agricultural experiment station work in Porto Rico. Hearing ... December 4 and 5, 1930.--Pt. 2. Drought and storm relief. Hearing ... December 5, 1930.
=500  \\$aRecord is based on bibliographic data in ProQuest Congressional Hearings Digital Collection. Reuse except for individual research requires license from ProQuest, LLC.
=500  \\$aCommittee Serial R.
=520  \\$aConsiders (71) H.J. Res. 411, (71) H.J. Res. 403.
=650  \0$aDrought relief$zPuerto Rico.
=650  \0$aAgricultural experiment stations$zPuerto Rico.
=650  \7$aAgricultural experiment stations.$2fast$0(OCoLC)fst00800770
=650  \7$aDrought relief.$2fast$0(OCoLC)fst00898440
=650  \3$alaws and regulations$9auto-assigned by category code
=650  \3$amicroeconomics$9auto-assigned by category code
=650  \3$afarm management$9auto-assigned by category code
=650  \3$aagricultural economics$9auto-assigned by category code
=650  \3$ameteorology and climatology$9auto-assigned by category code
=651  \7$aPuerto Rico.$2fast$0(OCoLC)fst01205432
=710  1\$aUnited States.$bCongress.$bHouse.$bCommittee on Agriculture.
=730  0\$aLexisNexis U.S. Congressional Hearings Digital Collection.
=776  08$iPrint version:$aUnited States. Congress. House. Committee on Agriculture.$tDrought and Storm Relief -- Agricultural Experiment Station Work in Porto Rico
=776  08$iMicrofiche version:$aUnited States. Congress. House. Committee on Agriculture.$tDrought and Storm Relief -- Agricultural Experiment Station Work in Porto Rico.$d[Bethesda, Md.] : ProQuest, [2004]$oCIS Hrgs MF Gp 1--H562-1-A$w(ProQuest)cis10302168
=856  41$3Proquest Congressioinal$uhttp://congressional.proquest.com/congcomp/getdoc?HEARING-ID=HRG-1930-HAG-0014$71
=930  \\$a20220701$b00000000$c00000000
=946  \\$aOther US
=959  \\$a$c2022/07/01$ecmartinez$gupgrade

