=LDR  01750cam a2200385Ii 4500
=001  706421
=005  20220410180011.0
=008  950315s1939\\\\dcu\\\\\\\\\\f000\0\eng\d
=016  7\$aCAT30706421$2DNAL
=035  \\$a(OCoLC)ocm35657047
=035  \\$a706421
=040  \\$aVPI$beng$cVPI$dOCLCQ$dFUG$dOCLCF$dOCLCQ$dOCLCO$dAGL
=043  \\$an-us---
=070  0\$a173.2$bH75T
=072  \0$aE100
=086  0\$aFL 3.2:Sa 9
=049  \\$aAGLL
=110  1\$aUnited States.$bFederal Home Loan Bank Board.
=245  10$aThirty reasons why Federal savings and loan associations afford a desirable investment for savings [and] a convenient, economical loan to build, buy, refinance or improve a home.
=264  \1$aWashington, DC :$bU.S. Government Printing Office,$c1939.
=300  \\$a10 pages ;$c22 x 15 cm
=336  \\$atext$btxt$2rdacontent
=337  \\$aunmediated$bn$2rdamedia
=338  \\$avolume$bnc$2rdacarrier
=500  \\$a"September 1939."
=650  \0$aSavings and loan associations$zUnited States.
=650  \0$aMortgage loans$zUnited States.
=650  \7$aMortgage loans.$2fast$0(OCoLC)fst01026596
=650  \7$aSavings and loan associations.$2fast$0(OCoLC)fst01105991
=650  \3$aagricultural economics$9auto-assigned by category code
=651  \7$aUnited States.$2fast$0(OCoLC)fst01204155
=776  08$iOnline version:$aUnited States. Federal Home Loan Bank Board.$tThirty reasons why Federal savings and loan associations afford a desirable investment for savings [and] a convenient, economical loan to build, buy, refinance or improve a home.$dWashington, DC : U.S. Government Printing Office, 1939$w(OCoLC)1030744334
=930  \\$a20220410$b00000000$c00000000
=946  \\$aOther US
=959  \\$a$c2022/04/10$ecmartinez$gupgrade

