=LDR  01750cam a22004092i 4500
=001  693956
=005  20220520083512.0
=008  950310s1933\\\\xx\\\\\\\\\\\\000\0\rus\d
=010  \\$a   88953734 
=035  \\$a(OCoLC)on1289013389
=035  \\$a693956
=040  \\$aAGL$beng$cAGL
=016  7\$aCAT10975653$2DNAL
=041  \\$arus$aeng
=070  0\$a281.179$bP28
=072  \0$aE200
=049  \\$aAGLL
=100  1\$aPavlov, A.$q(Aleksandr)
=242  10$aProgram on land and collective farm law.$yeng
=245  10$6880-01$aProgramma po zemelʹno-kolkhoznomu pravu /$cA. Pavlov.
=246  1\$aProgramma po zemelʹno-kolkhoznomu pravu
=264  \1$6880-02$aMoskva :$bGos. izd-vo Sov. zakonodatelʹstvo,$c1933.
=300  \\$a103 p. ;$c20 cm
=500  \\$6880-03$aAt head of title: Kommunisticheskai︠a︡ akademii︠a︡, Institut sovetskogo stroitelʹstva i prava.
=588  \\$aNon-Latin script generated programmatically.
=650  \0$aCollective farms$xLaw and legislation$zSoviet Union.
=650  \0$aLand tenure$xLaw and legislation$zSoviet Union.
=650  \3$amicroeconomics$9auto-assigned by category code
=650  \3$afarm management$9auto-assigned by category code
=650  \3$aagricultural economics$9auto-assigned by category code
=710  2\$aInstitut sovetskogo stroitelʹstva i prava (Kommunisticheskai︠a︡ akademii︠a︡)
=880  10$6245-01$aПрограмма по земельно-колхозному праву /$cА. Павлов.
=880  \1$6264-02$aМосква :$bГос. изд-во Сов. законодательство,$c1933.
=880  \\$6500-03$aAt head of title: Коммунистическая академия, Институт советского строительства и права.
=930  \\$a20220520$b00000000$c00000000
=946  \\$aNon-US
=959  \\$a$c2022/05/19$ecmartinez$gupgrade


