=LDR  01788cam a2200457 a 4500
=001  690942
=005  20220531180017.0
=008  950309s1913\\\\nyu\\\\\\b\\\\100\0\eng\c
=016  7\$aCAT10904080$2DNAL
=035  \\$a(OCoLC)ocm50381104
=035  \\$a690942
=040  \\$aCOO$beng$cCOO$dOCLCQ$dOCLCF$dOCLCQ$dOCLCO$dAGL
=042  \\$apcc
=043  \\$an-us-ny
=049  \\$aAGLL
=070  0\$a280.6$bAm3
=072  \0$aP300
=111  2\$aAmenia Field Day$n(4th :$d1913 :$cAmenia, N.Y.)
=245  10$aAmenia field day :$ban experiment in rural "Co-operative Recreation."
=260  \\$a[Amenia, N.Y.] :$bAmenia Field Day Association,$c[1913?]
=300  \\$a7 pages ;$c16 cm
=336  \\$atext$btxt$2rdacontent
=337  \\$aunmediated$bn$2rdamedia
=338  \\$avolume$bnc$2rdacarrier
=500  \\$aCover title.
=500  \\$a"A Dutchess County Play Festival with a national reputation, at Amenia, N.Y."
=500  \\$a"Fouth annual Amenia Field Day was held on Saturday, August 16, 1913"--Page 2 of cover.
=504  \\$aIncludes bibliographical references (pages 4-5).
=650  \0$aRecreation$zNew York (State)$zAmenia.
=650  \0$aEntertainment events$zNew York (State)$zAmenia.
=650  \0$aCountry life$zNew York (State)$zAmenia.
=650  \7$aCountry life.$2fast$0(OCoLC)fst00881405
=650  \7$aEntertainment events.$2fast$0(OCoLC)fst00912691
=650  \7$aRecreation.$2fast$0(OCoLC)fst01091713
=650  \3$anatural resources$9auto-assigned by category code
=650  \3$aland resources$9auto-assigned by category code
=650  \3$aland management$9auto-assigned by category code
=651  \7$aNew York (State)$zAmenia.$2fast$0(OCoLC)fst01222485
=930  \\$a20220531$b00000000$c00000000
=946  \\$aOther US
=959  \\$a$c2022/05/31$ecmartinez$gupgrade

