=LDR  01991cam a2200445I  4500
=001  708374
=005  20220919083506.0
=008  950316s1933\\\\dcuab\\\\b\\\f000\0\eng\\
=010  \\$a   33026244 
=035  \\$a(OCoLC)ocm05958170
=035  \\$a708374
=040  \\$aDLC$beng$cNYG$dBUF$dIUL$dOCLCQ$dAGL$dOCLCG$dOCLCA$dOCLCF$dOCLCO$dOCLCQ$dOCLCO
=016  7\$aCAT10901324$2DNAL
=043  \\$an-us-mi
=070  0\$a157.55$bAn12M
=072  \0$aX700
=086  0\$aC 18.38
=049  \\$aAGLL
=110  1\$aUnited States.$bBureau of Foreign and Domestic Commerce.
=245  13$aAn aid for analyzing markets in Michigan.$bConcentration of markets for general consumer commodities ... Domestic Regional Division.
=260  \\$aWashington,$bU.S. Govt. Print. Off.,$c1933.
=300  \\$a18 pages$bmaps, diagrams$c29 cm
=336  \\$atext$btxt$2rdacontent
=337  \\$aunmediated$bn$2rdamedia
=338  \\$avolume$bnc$2rdacarrier
=500  \\$aAt head of title: U.S. Department of Commerce. Daniel C. Roper, secretary. Bureau of Foreign and Domestic Commerce. Frederick M. Feiker, director.
=500  \\$a"By Charles B. Eliot, chief, Market Data Section, Domestic Regional Division."--Page 3.
=500  \\$a"Government publications containing market data" : p. 18.
=650  \3$amarket analysis$9auto-assigned by category code
=650  \3$aeconomics$9auto-assigned by category code
=651  \0$aMichigan$xEconomic conditions.
=651  \0$aMichigan$xCommerce.
=650  \7$aCommerce.$2fast$0(OCoLC)fst00869279
=650  \7$aEconomic history.$2fast$0(OCoLC)fst00901974
=651  \7$aMichigan.$2fast$0(OCoLC)fst01208387
=700  1\$aEliot, Charles B.$q(Charles Buckingham),$d1894-
=776  08$iOnline version:$aUnited States. Bureau of Foreign and Domestic Commerce.$tAid for analyzing markets in Michigan.$dWashington, U.S. Govt. Print. Off., 1933$w(OCoLC)761011576
=930  \\$a20220919$b00000000$c00000000
=946  \\$aOther US
=959  \\$a$c2022/09/19$ecmartinez$gupgrade

