=LDR  01915ckm a22005057  4500
=001  703671
=005  20220819083506.0
=008  950315s1934\\\\nyunnn\\\\\\\\\\\\nneng\d
=035  \\$a(OCoLC)ocm38994692
=035  \\$a703671
=040  \\$aNYP$beng$cNYP$dAGL$dOCLCQ$dAGL
=016  7\$aCAT10909860$2DNAL
=029  1\$aNLGGC$b119762099
=070  0\$a284.372$bEc7
=072  \0$aS200
=072  \0$aE130
=072  \0$aE700
=049  \\$aAGLL
=245  04$aThe World cotton position;$bchart disclosing the dominant factors for 40 years of production, carryover, consumption and developments affecting prices, 1893-1934.
=264  \1$aNew York, N.Y.,$bEconomic Associates,$c[1934]
=300  \\$a1 sheet ;$c43 x 56 cm. folded to 18 x 10 cm.
=336  \\$astill image$bsti$2rdacontent
=337  \\$aunmediated$bn$2rdamedia
=338  \\$asheet$bnb$2rdacarrier
=490  1\$aCommodity economics series
=500  \\$aCover title.
=650  \0$aCotton$vStatistics$y19th century.
=650  \0$aCotton$xCommerce$y19th century.
=650  \7$aCotton.$2fast$0(OCoLC)fst00880858
=650  \7$aCommerce.$2fast$0(OCoLC)fst00869279
=650  \7$aStatistics.$2fast$0(OCoLC)fst01132103
=648  \7$a1800-1899$2fast
=650  \3$amarketing$9auto-assigned by category code
=650  \3$adistribution (economics)$9auto-assigned by category code
=650  \3$aagribusiness$9auto-assigned by category code
=650  \3$aproduction economics$9auto-assigned by category code
=650  \3$amacroeconomics$9auto-assigned by category code
=650  \3$aagricultural economics$9auto-assigned by category code
=650  \3$anonfood plant products$9auto-assigned by category code
=655  \7$aStatistics.$2fast$0(OCoLC)fst01423727
=710  2\$aEconomic Associates.
=830  \0$aCommodity economics series.
=930  \\$a20220819$b00000000$c00000000
=946  \\$aOther US
=959  \\$a$c2022/08/18$ecmartinez$gupgrade

