=LDR  02010cam a2200493Mi 4500
=001  696933
=005  20220425180020.0
=008  950313s1929\\\\xx\\\\\\\\\\\f000\0\eng\d
=035  \\$a(OCoLC)ocm71081072
=035  \\$a696933
=040  \\$aAGL$beng$cAGL$dOCLCO$dOCLCQ$dOCLCO
=016  7\$aCAT10907298$2DNAL
=070  0\$a281.391$bEg9
=072  \0$aF110
=072  \0$aQ005
=072  \0$aE700
=049  \\$aAGLL
=110  1\$aEgypt.$bWizārat al-Zirāʻah.$bOnion Committee.
=245  10$aReport on suggested improvements in the onion crop and trade of Egypt /$cby L.E. Melchers, chief mycologist, Ministry of Agriculture, chairman, Onion Committee, and Mohammad Bey Kamel, chief inspector of Upper Egypt, Ministry of Agriculture, secretary, Onion Committee.
=260  \\$c1929.
=300  \\$a18 pages
=336  \\$atext$btxt$2rdacontent
=337  \\$aunmediated$bn$2rdamedia
=338  \\$avolume$bnc$2rdacarrier
=650  \0$aOnion industry$zEgypt.
=650  \0$aVegetable trade$zEgypt.
=650  \0$aOnions$zEgypt$xMarketing.
=650  \7$aMarketing.$2fast$0(OCoLC)fst01010167
=650  \7$aOnion industry.$2fast$0(OCoLC)fst01045888
=650  \7$aOnions$xMarketing.$2fast$0(OCoLC)fst01045909
=650  \7$aVegetable trade.$2fast$0(OCoLC)fst01164765
=650  \3$amarketing$9auto-assigned by category code
=650  \3$adistribution (economics)$9auto-assigned by category code
=650  \3$aagricultural economics$9auto-assigned by category code
=650  \3$aagribusiness$9auto-assigned by category code
=650  \3$aplant-based foods$9auto-assigned by category code
=650  \3$aplant cultural practices$9auto-assigned by category code
=650  \3$ahorticulture$9auto-assigned by category code
=650  \3$ahorticultural crops$9auto-assigned by category code
=650  \3$acrop production$9auto-assigned by category code
=651  \7$aEgypt.$2fast$0(OCoLC)fst01208755
=930  \\$a20220425$b00000000$c00000000
=946  \\$aNon-US
=959  \\$a$c2022/04/20$ecmartinez$gupgrade


