=LDR  01525cam a2200373Ii 4500
=001  688338
=005  20220420083513.0
=008  950224s1936\\\\mauae\\\\\\\\\000\0\eng\\
=010  \\$a   37038282 
=035  \\$a(OCoLC)ocm05526645
=035  \\$a688338
=040  \\$aDLC$beng$cCLE$dOCLCQ$dAGL$dOCLCF$dOCLCQ$dOCLCO$dAGL
=016  7\$aCAT10893086$2DNAL
=070  0\$a98$bP77
=072  \0$aP300
=049  \\$aAGLL
=100  1\$aPond, Bremer W.$q(Bremer Whidden),$d1884-
=245  10$aOutline history of landscape architecture /$cby Bremer W. Pond.
=264  \1$aCambridge, Massachusetts :$bSchool of landscape architecture, Harvard University,$c[©1936]
=300  \\$a2 volumes$billustrations (including plans)$c19 cm
=336  \\$atext$btxt$2rdacontent
=337  \\$aunmediated$bn$2rdamedia
=338  \\$avolume$bnc$2rdacarrier
=500  \\$aPlanographed.
=650  \0$aLandscape gardening$xHistory.
=650  \7$aLandscape gardening.$2fast$0(OCoLC)fst00991916
=650  \3$anatural resources$9auto-assigned by category code
=650  \3$aland resources$9auto-assigned by category code
=650  \3$aland management$9auto-assigned by category code
=655  \7$aHistory.$2fast$0(OCoLC)fst01411628
=776  08$iOnline version:$aPond, Bremer W. (Bremer Whidden), 1884-$tOutline history of landscape architecture.$dCambridge, Mass., School of landscape architecture, Harvard University [©1936]$w(OCoLC)988212859
=930  \\$a20220420$b00000000$c00000000
=946  \\$aNon-US
=959  \\$a$c2022/04/20$ecmartinez$gupgrade


