=LDR  01781cam a2200433   4500
=001  700466
=005  20220420083513.0
=008  950314s1933\\\\be\\\\\\\l\\\\000\0\fre\d
=035  \\$a(OCoLC)ocm25703748
=035  \\$a700466
=040  \\$aSTF$beng$cSTF$dOCL$dOCLCQ$dAGL$dOCLCQ$dOCLCF$dOCLCO$dOCLCQ$dAGL$dOCLCO$dAGL
=016  7\$aCAT10970716$2DNAL
=070  0\$a287$bB224
=072  \0$aE700
=072  \0$aQ004
=072  \0$aD500
=049  \\$aAGLL
=110  2\$aBanque union financière d'Anvers.$bOffice de liquidation des opérations à terme en céréales.
=242  00$aRules for grain futures business:$bWheat.$yeng
=245  10$aRèglement pour les affaires à terme en céréales :$bBlés.
=260  \\$aAnvers$b[Imprimeries Omnia],$c[1933?]
=300  \\$a2 volumes (36 pages) ;$c21 cm
=336  \\$atext$btxt$2rdacontent
=337  \\$aunmediated$bn$2rdamedia
=338  \\$avolume$bnc$2rdacarrier
=500  \\$aAt head of title: Banque union financière d'Anvers ... Office de liquidation des opérations à terme en cěréales.
=505  0\$a[v. 1] Blés.--[v. 2] Maīs et orge.
=650  \0$aGrain trade$xLaw and legislation.
=650  \7$aGrain trade$xLaw and legislation.$2fast$0(OCoLC)fst00946090
=650  \3$alaws and regulations$9auto-assigned by category code
=650  \3$aplant-based foods$9auto-assigned by category code
=650  \3$afield crops$9auto-assigned by category code
=650  \3$amarketing$9auto-assigned by category code
=650  \3$adistribution (economics)$9auto-assigned by category code
=650  \3$aagricultural economics$9auto-assigned by category code
=650  \3$aagribusiness$9auto-assigned by category code
=930  \\$a20220420$b00000000$c00000000
=946  \\$aNon-US
=959  \\$a$c2022/04/20$ecmartinez$gupgrade


