=LDR  02379cam a22005171  4500
=001  698375
=005  20220512083512.0
=008  950313s1931\\\\dcu\\\\\\\\\\f000\0\eng\\
=010  \\$a   44016701 
=016  7\$aCAT10908837$2DNAL
=035  \\$a(OCoLC)ocn192041382
=035  \\$a698375
=040  \\$aDLC$beng$cDLC$dCUY$dCOD$dOCLCA$dOCLCF$dOCLCQ$dGPO$dAGL
=019  \\$a21728571
=029  1\$aAU@$b000027986709
=042  \\$apremarc
=043  \\$an-us-ny
=070  0\$a284$bUn3512
=072  \0$aE700
=072  \0$aD500
=086  0\$aY 4.J 89/2:N 42 Y/2
=049  \\$aAGLL
=110  1\$aUnited States.$bCongress.$bSenate.$bCommittee on the Judiciary.
=245  10$aProhibiting trading on margins on the New York Stock Exchange:$bhearings before a subcommittee of the Committee on the Judiciary, United States Senate, Seventy-first Congress, third session, on S. 5381, a bill prohibiting trading on margins on the New York Stock Exchange, and for other purposes, February 6 and 24, 1931.
=260  \\$aWashington :$bU.S. Govt. Print. Off.,$c1931.
=300  \\$aiii, 43 pages ;$c23 cm
=336  \\$atext$btxt$2rdacontent
=337  \\$aunmediated$bn$2rdamedia
=338  \\$avolume$bnc$2rdacarrier
=500  \\$aGeorge W. Norris, chairman.
=610  20$aNew York Stock Exchange.
=650  \0$aMargins (Security trading)$xLaw and legislation$zUnited States.
=610  27$aNew York Stock Exchange.$2fast$0(OCoLC)fst00538383
=650  \7$aMargins (Security trading)$xLaw and legislation.$2fast$0(OCoLC)fst01009185
=650  \3$alaws and regulations$9auto-assigned by category code
=650  \3$amarketing$9auto-assigned by category code
=650  \3$adistribution (economics)$9auto-assigned by category code
=650  \3$aagricultural economics$9auto-assigned by category code
=650  \3$aagribusiness$9auto-assigned by category code
=651  \7$aUnited States.$2fast$0(OCoLC)fst01204155
=655  \3$aInternet resource
=776  08$iOnline version:$aUnited States. Congress. Senate. Committee on the Judiciary.$tProhibiting trading on margins on the New York Stock Exchange.$dWashington : U.S. Govt. Print. Off., 1931$w(OCoLC)954004924
=856  41$3HathiTrust Digital Library$uhttp://catalog.hathitrust.org/api/volumes/oclc/192041382.html
=930  \\$a20220512$b00000000$c00000000
=946  \\$aOther US
=959  \\$a$c2022/05/12$ecmartinez$gupgrade

