=LDR  01890cam a22004812a 4500
=001  696286
=005  20220921180048.0
=008  950311s1929\\\\gw\b\\\\\bm\\\000\0\ger\d
=010  \\$altf91004523 
=035  \\$a(OCoLC)ocm41025287
=035  \\$a696286
=040  \\$aIL#$beng$cIL#$dOCLCQ$dAGL$dDLC$dOCLCF$dOCLCQ$dOCLCO$dOCLCQ$dOCLCO$dOCL$dOCLCQ$dOCLCO$dAGL
=016  7\$aCAT10972106$2DNAL
=029  1\$aAU@$b000041250675
=043  \\$ae-gx---
=070  0\$a282.2$bK96
=072  \0$aE110
=049  \\$aAGLL
=100  1\$aKummer, Kurt.
=242  14$aThe development of agricultural settlements in the province of Grenzmark Posen-West Prussia.$yeng
=245  14$aDie Entwicklung der landwirtschaftlichen Siedlung in der Provinz Grenzmark Posen-Westpreussen /$cKurt Kummer.
=260  \\$aHabelschwerdt in Schlesien :$bGroeger,$c1929.
=300  \\$avi, 124 pages :$bmaps ;$c23 cm.
=336  \\$atext$btxt$2rdacontent
=337  \\$aunmediated$bn$2rdamedia
=338  \\$avolume$bnc$2rdacarrier
=502  \\$aInaug.-Dissert.
=504  \\$aIncludes bibliographical references (pages I-VI).
=650  \0$aLand settlement$zGermany$zPrussia.
=650  \3$amacroeconomics$9auto-assigned by category code
=650  \3$aland use$9auto-assigned by category code
=650  \3$aland management$9auto-assigned by category code
=650  \3$aeconomics$9auto-assigned by category code
=651  \0$aPrussia (Germany)$xColonization.
=650  \7$aColonization.$2fast$0(OCoLC)fst00868483
=650  \7$aLand settlement.$2fast$0(OCoLC)fst00991305
=651  \7$aGermany$zPrussia.$2fast$0(OCoLC)fst01225278
=655  \7$aAcademic theses.$2fast$0(OCoLC)fst01726453
=655  \7$aAcademic theses.$2lcgft
=655  \7$aThèses et écrits académiques.$2rvmgf$0(CaQQLa)RVMGF-000001173
=930  \\$a20220921$b00000000$c00000000
=946  \\$aNon-US
=959  \\$a$c2022/08/28$ecmartinez$gupgrade


