=LDR  02576cas a2200493Ii 4500
=001  1305408
=005  20220309180017.0
=008  810605d19391942wiuar\\\\r\\\s0\\\a1eng\d
=016  7\$aCAT31305408$2DNAL
=035  \\$a1305408
=040  \\$aWIH$beng$cWIH$dOCL$dOCLCQ$dOCLCF$dAGL$dWIH$dOCLCA
=035  \\$a(OCoLC)07480255
=043  \\$an-us-wi
=049  \\$aAGLL
=070  0\$aSF496.U6$bW57
=086  \\$aAGR.3:199,210A,217,227$2widocs
=245  00$aWisconsin U.S.-approved, certified and pullorum tested hatcheries and record of performance poultry flocks :$btogether with record of performance annual report.
=246  30$aTogether with record of performance annual report
=246  13$aAnnual report of record of performance for poultry$f9th (1938)-12th (1941)
=260  \\$aMadison, Wis. :$bDept. of Agriculture and Markets,$c1939-1942.
=300  \\$a4 volumes ;$c23 cm.
=310  \\$aAnnual
=336  \\$atext$btxt$2rdacontent
=337  \\$aunmediated$bn$2rdamedia
=338  \\$avolume$bnc$2rdacarrier
=362  0\$a1939-1942.
=520  \\$aThis is the hatchery list for 1939-1942 and it includes Annual report of record of performance for poultry, 9th (1938)-12th (1941).
=550  \\$aReports for 1940-1942 issued by Wisconsin Dept. of Agriculture.
=591  \\$bNAL Reclamation
=650  \0$aPoultry$xHatcheries$zWisconsin$vDirectories.
=651  \7$aWisconsin.$2fast$0(OCoLC)fst01204595
=655  \7$aDirectories.$2fast$0(OCoLC)fst01423796
=710  1\$aWisconsin.$bDepartment of Agriculture and Markets.$0http://id.loc.gov/authorities/names/n50000370
=710  1\$aWisconsin.$bDepartment of Agriculture.$0http://id.loc.gov/authorities/names/n50000368
=760  1\$tWisconsin Department of Agriculture and Markets bulletin$w(OCoLC)7474883
=760  1\$tWisconsin State Department of Agriculture bulletin$w(OCoLC)7478636
=780  00$tWisconsin U.S.-approved and certified hatcheries and record of performance poultry flocks : together with record of performance annual report : official list as of ...$w(OCoLC)7957641
=785  00$tWisconsin U.S. approved, certified and Pullorum Tested, Controlled hatcheries and record of performance poultry flocks : together with record of performance annual report$w(OCoLC)7480420
=830  \0$aWisconsin Department of Agriculture and Markets bulletin ;$vno. 199.
=830  \0$aWisconsin State Department of Agriculture bulletin ;$vno. 210A, etc.
=930  \\$a20220309$b00000000$c00000000
=939  \\$a20141217$b20150102$c00000000
=946  \\$aOther US
=958  \\$a$be$c2014/12/17$dn$ergallett$f$h

