=LDR  02369ctm a22005651i 4500
=001  705883
=005  20220914180109.0
=008  950315s1918\\\\nbua\\\\\m\\\\000\0\eng\d
=035  \\$a(OCoLC)ocm16513614
=035  \\$a705883
=040  \\$aAUM$beng$cAUM$dOCLCQ$dAGL$dOCLCQ$dOCLCF$dOCLCQ$dOCLCO$dOCLCA$dOCLCQ$dOCLCO$dOCL$dOCLCQ$dOCLCO$dOCLCQ$dAGL
=016  7\$aCAT10904838$2DNAL
=043  \\$an-us-nb
=070  0\$a281$bK13
=072  \0$aE200
=072  \0$aE110
=049  \\$aAGLL
=100  1\$aKano, Hisanori,$d1889-1988.
=245  10$aFarm tenantry in Nebraska /$cby Hisanori Kano.
=246  12$aFarm tenantry in Nebraska compared with farm ownership: a thesis presented to the faculty of the Graduate college in the University of Nebraska ... Lincoln, Nebraska, May, 1918.
=264  \1$c1918.
=300  \\$a92 leaves :$billustrations ;$c26 cm
=336  \\$atext$btxt$2rdacontent
=337  \\$aunmediated$bn$2rdamedia
=338  \\$avolume$bnc$2rdacarrier
=502  \\$aThesis (M.A.)--University of Nebraska (Lincoln campus)--1918.
=502  \\$bMaster of Arts$cUniversity of Nebraska (Lincoln campus)$d1918$gThesis (M.A)
=504  \\$aIncludes bibliographical references.
=650  \0$aLand tenure$zNebraska.
=650  \0$aLand use$xDevelopment$zNebraska.
=650  \0$aAgriculture$zNebraska.
=650  \0$aAgriculture$xEconomic aspects$zNebraska.
=650  \7$aAgriculture.$2fast$0(OCoLC)fst00801355
=650  \7$aAgriculture$xEconomic aspects.$2fast$0(OCoLC)fst00801415
=650  \7$aLand tenure.$2fast$0(OCoLC)fst00991362
=650  \3$amacroeconomics$9auto-assigned by category code
=650  \3$aland use$9auto-assigned by category code
=650  \3$aland management$9auto-assigned by category code
=650  \3$aeconomics$9auto-assigned by category code
=650  \3$amicroeconomics$9auto-assigned by category code
=650  \3$afarm management$9auto-assigned by category code
=650  \3$aagricultural economics$9auto-assigned by category code
=651  \7$aNebraska.$2fast$0(OCoLC)fst01208998
=655  \7$aAcademic theses.$2fast$0(OCoLC)fst01726453
=655  \7$aAcademic theses.$2lcgft
=655  \7$aThèses et écrits académiques.$2rvmgf$0(CaQQLa)RVMGF-000001173
=930  \\$a20220914$b00000000$c00000000
=946  \\$aOther US
=959  \\$a$c2022/09/12$ecmartinez$gupgrade
=959  \\$a$c2010/03/09$edcollins$gap


