=LDR  01882ctm a2200481Mi 4500
=001  690022
=005  20220522180214.0
=008  950309s1932\\\\gw\\\\\\\m\\\\000\0\ger\d
=016  7\$aCAT10940253$2DNAL
=035  \\$a(OCoLC)ocn843325768
=035  \\$a690022
=040  \\$aZAP$beng$cZAP$dOCLCQ$dOCLCO$dOCLCF$dOCLCO$dAGL
=041  \\$ager$beng
=043  \\$ae-gx---
=049  \\$aAGLL
=070  0\$a280.347$bR82
=072  \0$aE700
=072  \0$aQ003
=100  1\$aRubens, Heinrich,$d1921-
=242  00$aSales reserves on the German egg market.$yeng
=245  10$aAbsatzreserven am deutschen Eiermarkt /$cHeinrich Rubens
=264  \1$aBerlin :$bVergin,$c1932.
=300  \\$a52 pages :$bdiagrams, maps
=336  \\$atext$btxt$2rdacontent
=337  \\$aunmediated$bn$2rdamedia
=338  \\$avolume$bnc$2rdacarrier
=490  1\$aArbeiter aus dem Institut für Landwirtschaftlichen Marktforschung an der Landwirtschaftliche Hochschule, Berlin
=502  \\$bdoctoral$cLandwirtschaftliche Hochschule Berlin
=650  \0$aEgg trade$xPrices$zGermany.
=650  \7$aEgg trade.$2fast$0(OCoLC)fst00903826
=650  \3$apoultry products$9auto-assigned by category code
=650  \3$aanimal-based foods$9auto-assigned by category code
=650  \3$amarketing$9auto-assigned by category code
=650  \3$adistribution (economics)$9auto-assigned by category code
=650  \3$aagricultural economics$9auto-assigned by category code
=650  \3$aagribusiness$9auto-assigned by category code
=651  \7$aGermany.$2fast$0(OCoLC)fst01210272
=655  \7$aAcademic theses.$2fast$0(OCoLC)fst01726453
=655  \7$aAcademic theses.$2lcgft
=830  \0$aArbeiter aus dem Institut für Landwirtschaftlichen Marktforschung an der Landwirtschaftliche Hochschule, Berlin
=930  \\$a20220522$b00000000$c00000000
=946  \\$aNon-US
=959  \\$a$c2022/05/22$ecmartinez$gupgrade


