=LDR  01172cam a22003497i 4500
=001  694756
=005  20220804180011.0
=008  950310s1902\\\\gw\\\\\\\\\\\\000\0\ger\d
=035  \\$a(OCoLC)on1289114526
=035  \\$a694756
=040  \\$aAGL$beng$cAGL$dAGL
=043  \\$as-cl---
=016  7\$aCAT10942310$2DNAL
=070  0\$a281.16$bK84
=072  \0$aE100
=072  \0$aB500
=049  \\$aAGLL
=100  1\$aKöster, Wilhelm
=242  10$aContributions to the knowledge of agriculture in central Chile at the end of the nineteenth century.$yeng
=245  10$aBeiträge zur kenntnis der landwirtschaft in Mittelchile am ende des neunzehnten jahrhunderts/$cWilhelm Köster.
=264  \1$aMerseburg :$bDruck von F. Stollberg,$c1902.
=300  \\$a110 pages ;$c23 cm.
=502  \\$bdoctoral$cUniversitat Leipzig
=500  \\$aProefschrift Leipzig.
=650  \3$aagricultural history.
=650  \3$aagricultural economics.
=651  \0$aChile$xAgriculture$y19th century.
=650  \0$aAgriculture$zChile$y19th century.
=655  \7$aProefschriften (vorm)$2gtt
=930  \\$a20220804$b00000000$c00000000
=946  \\$aNon-US
=959  \\$a$c2022/08/04$ecmartinez$gupgrade


