=LDR  02428cam a2200541Ia 4500
=001  691870
=005  20220817083527.0
=008  950310s1919\\\\mnu\\\\\\\\\\s000\0\eng\d
=035  \\$a(OCoLC)ocm71078005
=035  \\$a691870
=040  \\$aAGL$beng$cAGL$dMHS$dOCLCA$dOCLCF$dOCLCQ$dOCLCO$dOCL$dAGL
=016  7\$aCAT10906400$2DNAL
=043  \\$an-us-mn
=070  0\$a281.2$bM662
=072  \0$aE560
=049  \\$aAGLL
=100  1\$aWilson, Frank T.$q(Frank Thompson),$d1887-
=245  10$aCommunity service :$bpractical suggestions for community organization /$cby Frank T. Wilson.
=260  \\$aMinneapolis :$bUniversity of Minnesota,$c1919.
=300  \\$a10, [2] pages ;$c20 x 9 cm
=336  \\$atext$btxt$2rdacontent
=337  \\$aunmediated$bn$2rdamedia
=338  \\$avolume$bnc$2rdacarrier
=500  \\$aCover title.
=500  \\$aAt head of title: The University of Minnesota, University Extension Service.
=500  \\$a"For further information, advice, or suggestions concerning the subjects treated in this pamphlet, address the General Extension Division, University of Minnesota, Minneapolis, or the Agricultural Extension Division, University Farm, St. Paul": P. [11].
=650  \0$aCommunity organization$zMinnesota$zStillwater.
=650  \0$aCommunity life$zMinnesota$zStillwater.
=650  \0$aRural development$zMinnesota$zStillwater.
=650  \0$aService learning$zMinnesota$zStillwater.
=650  \3$arural economics$9auto-assigned by category code
=650  \3$arural communities$9auto-assigned by category code
=651  \0$aStillwater (Minn.)$xEducation.
=650  \7$acommunity organizations.$2aat$0(CStmoGRI)aat300127003
=650  \7$aCommunity life.$2fast$0(OCoLC)fst00871028
=650  \7$aCommunity organization.$2fast$0(OCoLC)fst01432034
=650  \7$aEducation.$2fast$0(OCoLC)fst00902499
=650  \7$aRural development.$2fast$0(OCoLC)fst01101498
=650  \7$aService learning.$2fast$0(OCoLC)fst01431330
=651  \7$aMinnesota$zStillwater.$2fast$0(OCoLC)fst01224789
=710  2\$aUniversity of Minnesota.$bGeneral Extension Division.
=710  2\$aUniversity of Minnesota.$bAgricultural Extension Division.
=930  \\$a20220817$b00000000$c00000000
=939  \\$a20110429$b20110507$c00000000
=946  \\$aState extension service
=959  \\$a$c2022/08/16$ecmartinez$gupgrade
=959  \\$a$c2022/08/15$ecmartinez$gupgrade
=959  \\$a$c2011/04/29$edcollins$gap

