=LDR  02268cam a22004817  4500
=001  696278
=005  20220723083508.0
=008  950311s1937\\\\gw\b\\\\\m\\\\000\0\ger\d
=035  \\$a(OCoLC)ocm31922478
=035  \\$a696278
=040  \\$aLWU$beng$cLWU$dAGL$dOCLCQ$dOCLCO$dOCLCF$dOCLCQ$dOCLCO$dAGL
=016  7\$aCAT10972100$2DNAL
=029  1\$aZWZ$b032659423
=070  0\$a282.2$bH12
=072  \0$aE110
=049  \\$aAGLL
=100  1\$aHaist, Gustav.
=242  00$aExperiences and successes of a year of operation in two Württemberg settler villages in Mecklenburg.$yeng
=245  10$aErfahrungen und Erfolge eines Betriebsjahres in zwei württembergischen Siedlerdörfern Mecklenburgs /$cGustav Haist.
=264  \1$aPlieningen-Stuttgartv :$bF. Find,$c[1937]
=300  \\$a75 pages :$bmaps ;$c30 cm
=336  \\$atext$btxt$2rdacontent
=337  \\$aunmediated$bn$2rdamedia
=338  \\$avolume$bnc$2rdacarrier
=490  1\$aArbeit aus dem Institut für Wirtschaftslehre des Landbaus an der Landwirtschaftlichen Hochschule Hohenheim
=502  \\$cWürttembergische Landwirtschaftliche Hochschule in Hoheheim
=650  \0$aVillage communities$zGermany.
=650  \3$amacroeconomics$9auto-assigned by category code
=650  \3$aland use$9auto-assigned by category code
=650  \3$aland management$9auto-assigned by category code
=650  \3$aeconomics$9auto-assigned by category code
=655  \7$adoctoral dissertations.$2aat$0(CStmoGRI)aatgf300312076
=655  \7$adissertations.$2aat$0(CStmoGRI)aatgf300028029
=655  \7$atheses.$2aat$0(CStmoGRI)aatgf300028028
=655  \7$amasters theses.$2aat$0(CStmoGRI)aatgf300077723
=655  \7$aAcademic theses.$2fast$0(OCoLC)fst01726453
=655  \7$aAcademic theses.$2lcgft
=655  \7$aThèses et écrits académiques.$2rvmgf$0(CaQQLa)RVMGF-000001173
=776  08$iOnline version:$aHaist, Gustav.$tErfahrungen und Erfolge eines Betriebsjahres in zwei württembergischen Siedlerdörfern Mecklenburgs.$dPlieningen-Stuttgart, F. Find [1937]$w(OCoLC)750779046
=830  \0$aArbeit aus dem Institut für Wirtschaftslehre des Landbaus an der Landwirtschaftlichen Hochschule Hohenheim.
=930  \\$a20220723$b00000000$c00000000
=946  \\$aNon-US
=959  \\$a$c2022/07/22$ecmartinez$gupgrade


