=LDR  02187cam a2200553Mi 4500
=001  693212
=005  20220723083508.0
=008  950310s1931\\\\gw\a\\\\\m\\\\000\0\ger\d
=035  \\$a(OCoLC)on1288996443
=035  \\$a693212
=040  \\$aAGL$beng$cAGL$dAGL
=016  7\$aCAT10971872$2DNAL
=024  7\$aU 31.8697$2local
=070  0\$a281.344$bH19
=072  \0$aE130
=072  \0$aL100
=084  \\$aQT 400$2rvk
=049  \\$aAGLL
=100  1\$aHanschke, Johannes.
=242  00$aProfitability calculations and calculations in milk production.$yeng
=245  10$aRentabilitätsberechnungen und Kalkulationen bei der Milchproduktion /$cJohannes Hanschke.
=264  \1$aStolp :$bDelmanzo,$c1931.
=300  \\$a72 pages :$billustrations ;$c23 cm
=336  \\$aText$btxt$2rdacontent/ger
=337  \\$aohne Hilfsmittel zu benutzen$bn$2rdamedia/ger
=338  \\$aBand$bnc$2rdacarrier/ger
=338  \\$avolume$bnc$2rdacarrier
=490  1\$aArbeit aus dem Institut für landw. Betriebslehre und Arbeitswirtschaft der Landwirtschaftlichen Hochschule in Berlin
=502  \\$bdoctoral$cLandwirtschaftliche Hochschule zu Berlin
=650  \0$aMilk yield$zGermany.
=650  \0$aMilk supply$zGermany.
=650  \0$aDairy cattle$xFeed utilization efficiency.
=650  \0$aDairy farming$xEconomic aspects.
=650  \3$aanimal production.
=650  \3$aproduction economics.
=650  \3$amacroeconomics.
=650  \3$aagricultural economics.
=650  \7$aDairy cattle$xFeed utilization efficiency.$2fast$0(OCoLC)fst00886831
=650  \7$aDairy farming$xEconomic aspects.$2fast$0(OCoLC)fst00886889
=650  \7$aMilk.$2fast$0(OCoLC)fst01021615
=650  \7$aMilk yield.$2fast$0(OCoLC)fst01021732
=651  \7$aGermany.$2fast$0(OCoLC)fst01210272
=655  \7$aAcademic theses.$2fast$0(OCoLC)fst01726453
=655  \7$aAcademic theses.$2lcgft
=655  \7$aThèses et écrits académiques.$2rvmgf$0(CaQQLa)RVMGF-000001173
=830  \0$aArbeit aus dem Institut für landw. Betriebslehre und Arbeitswirtschaft der Landwirtschaftlichen Hochschule in Berlin.
=930  \\$a20220723$b00000000$c00000000
=946  \\$aNon-US
=959  \\$a$c2022/07/22$ecmartinez$gupgrade


