=LDR  01415cam a2200433Mi 4500
=001  694682
=005  20220520180015.0
=008  950310s1932\\\\xx\a\\\\\\\\\\000\0\ger\d
=035  \\$a(OCoLC)on1289075621
=035  \\$a694682
=040  \\$aAGL$beng$cAGL$dAGL
=016  7\$aCAT10942221$2DNAL
=070  0\$a280.393$bSt1
=072  \0$aE700
=072  \0$aQ005
=049  \\$aAGLL
=100  1\$aStalter, Karl,$d1890-
=242  00$aProduction and sales conditions in the Palatinate fruit growing.$yeng
=245  10$aErzeugungs- und absatzverhältnisse im pfälzischen obstbau /$cKarl Stalter.
=264  \1$c1932.
=300  \\$a89 pages :$billustrations, diagrams, maps
=336  \\$atext$btxt$2rdacontent
=337  \\$aunmediated$bn$2rdamedia
=338  \\$avolume$bnc$2rdacarrier
=502  \\$bdoctoral$cLandwirtschaftliche Hochschule Bonn-Poppelsdorf
=650  \0$aFruit$zGermany$xMarketing.
=650  \3$aplant-based foods.
=650  \3$ahorticultural crops.
=650  \3$amarketing.
=650  \3$adistribution (economics)
=650  \3$aagricultural economics.
=650  \3$aagribusiness.
=650  \7$aFruit$xMarketing.$2fast$0(OCoLC)fst00935599
=651  \7$aGermany.$2fast$0(OCoLC)fst01210272
=655  \7$aAcademic theses.$2fast$0(OCoLC)fst01726453
=655  \7$aAcademic theses.$2lcgft
=930  \\$a20220520$b00000000$c00000000
=946  \\$aNon-US
=959  \\$a$c2022/04/25$ecmartinez$gupgrade


