=LDR  01097cam a2200349Mi 4500
=001  691519
=005  20220801083502.0
=008  950309s1927\\\\xx\\\\\\\\\\\l000\0\eng\d
=035  \\$a(OCoLC)ocm71077796
=035  \\$a691519
=040  \\$aAGL$beng$cAGL$dOCLCO$dOCLCQ$dOCLCA$dOCLCO$dAGL
=016  7\$aCAT10904869$2DNAL
=070  0\$a281$bM85
=072  \0$aE200
=072  \0$aE130
=072  \0$aE100
=049  \\$aAGLL
=110  1\$aMoscow (Russia).$bKon iunkturnyi institut.
=245  10$aFarmers indices ...
=260  \\$c1927.
=300  \\$a96 pages
=336  \\$atext$btxt$2rdacontent
=337  \\$aunmediated$bn$2rdamedia
=338  \\$avolume$bnc$2rdacarrier
=650  \3$aproduction economics$9auto-assigned by category code
=650  \3$amacroeconomics$9auto-assigned by category code
=650  \3$amicroeconomics$9auto-assigned by category code
=650  \3$afarm management$9auto-assigned by category code
=650  \3$aagricultural economics$9auto-assigned by category code
=930  \\$a20220801$b00000000$c00000000
=946  \\$aNon-US
=959  \\$a$c2022/07/30$ecmartinez$gupgrade

