=LDR  01241cam a2200361Mi 4500
=001  689546
=005  20220522180040.0
=008  950308s1914\\\\xxu\\\\\\\\\\\000\0\eng\d
=035  \\$a(OCoLC)ocm71076481
=035  \\$a689546
=040  \\$aAGL$beng$cAGL$dOCLCQ$dOCLCO$dOCLCA$dAGL
=016  7\$aCAT10902809$2DNAL
=043  \\$an-usu--
=070  0\$a280.3$bSo8
=072  \0$aE700
=049  \\$aAGLL
=110  2\$aSouthern Railway (U.S.).$bFreight Trafic Department.
=245  10$aMarketing southern products of the soil.
=260  \\$c1914.
=300  \\$a40 pages
=336  \\$atext$btxt$2rdacontent
=337  \\$aunmediated$bn$2rdamedia
=338  \\$avolume$bnc$2rdacarrier
=650  \0$aRailroads$zSouthern States$xHistory$y19th century.
=650  \3$amarketing$9auto-assigned by category code
=650  \3$adistribution (economics)$9auto-assigned by category code
=650  \3$aagricultural economics$9auto-assigned by category code
=650  \3$aagribusiness$9auto-assigned by category code
=651  \0$aSouthern States$xSocial conditions$y19th century.
=651  \0$aSouthern States$xEconomic conditions$y19th century.
=930  \\$a20220522$b00000000$c00000000
=946  \\$aOther US
=959  \\$a$c2022/05/22$ecmartinez$gupgrade

