=LDR  01224cam a22003495i 4500
=001  693737
=005  20220512083512.0
=008  950310s1908\\\\xx\\\\\\\\\\\f000\0\rum\d
=035  \\$a(OCoLC)ocm71079123
=035  \\$a693737
=040  \\$aAGL$beng$cAGL$dOCLCO$dOCLCQ$dAGL
=016  7\$aCAT10975020$2DNAL
=070  0\$a282$bR76
=072  \0$aE110
=049  \\$aAGLL
=110  1\$aRomania.$bConsiliul Superior al Agriculturii.
=242  00$aTables of regional prices to be taken into account when setting up communal islands.$yeng
=245  10$aTabele de preturile regionale cari urmează a se aveà in vedere la constituirea islazurilor comunale.
=264  \0$c1908.
=300  \\$a15 pages
=336  \\$atext$btxt$2rdacontent
=337  \\$aunmediated$bn$2rdamedia
=338  \\$avolume$bnc$2rdacarrier
=650  \0$aLand use$zFinland.
=650  \0$aAllotment of land$zFinland.
=650  \3$amacroeconomics$9auto-assigned by category code
=650  \3$aland use$9auto-assigned by category code
=650  \3$aland management$9auto-assigned by category code
=650  \3$aeconomics$9auto-assigned by category code
=930  \\$a20220512$b00000000$c00000000
=946  \\$aNon-US
=959  \\$a$c2022/05/12$ecmartinez$gupgrade


