=LDR  02256cam a2200445I  4500
=001  708040
=005  20220828083511.0
=008  950316s1901\\\\dcub\\\\\\\\\\000\0\eng\d
=035  \\$a(OCoLC)ocm00319142
=035  \\$a708040
=040  \\$aCSU$beng$cCSU$dOCLCQ$dAGL$dOCLCQ$dOCLCF$dOCLCQ$dOCLCO$dOCLCA$dOCLCO$dAGL
=016  7\$aCAT10900985$2DNAL
=043  \\$an-us---
=070  0\$a157.4$bC12
=072  \0$aX100
=049  \\$aAGLL
=110  1\$aUnited States.$bCensus Office.$b12th census, 1900.
=245  10$aCensus reports :$bTwelfth census of the United States, taken in the year 1900. /$cWilliam R. Merriam, director.
=264  \1$aWashington,$bUnited States Census Office,$c1901-02.
=300  \\$a2 volumes :$bmaps, tables, diagrams ;$c30 cm
=336  \\$atext$btxt$2rdacontent
=337  \\$aunmediated$bn$2rdamedia
=338  \\$avolume$bnc$2rdacarrier
=500  \\$aBitting holds vol. 9 only.$5DLC
=505  0\$aVol. I.-II. Population; prepared under the supervision of William C. Hunt. -- vol. III.-IV. Vital statistics; prepared under the supervision of William A. King; pt. I. Analysis and ratio tables. pt. II. Statistics of death. -- vol. V-VI. Agriculture; prepared under the supervision of Le Grand Powers; pt. I. Farms, live stck and animal products. pt. II. Crops and irrigation. -- vol. VII.-X. Manufactures : prepared under the supervision of S. N. D. North : pt. I. United States by industries. pt. II. States and territories. pt. III.-IV. Special reports on selected industries.
=610  10$aUnited States.$tCensus.
=650  \0$aNineteen tens$vCensus.
=650  \3$amathematics and statistics.
=651  \0$aUnited States$xPopulation.
=651  \0$aUnited States$vCensus$y20th century.
=630  07$aCensus (United States)$2fast$0(OCoLC)fst01363948
=650  \7$aNineteen tens.$2fast$0(OCoLC)fst01037829
=650  \7$aPopulation.$2fast$0(OCoLC)fst01071476
=651  \7$aUnited States.$2fast$0(OCoLC)fst01204155
=655  \7$aCensus data.$2fast$0(OCoLC)fst01411644
=700  1\$aMerriam, William Rush,$d1849-1931.
=710  2\$aKatherine Golden Bitting Collection on Gastronomy (Library of Congress)$5DLC
=930  \\$a20220828$b00000000$c00000000
=946  \\$aOther US
=959  \\$a$c2022/08/17$ecmartinez$gupgrade

