=LDR  02072cam a22004817i 4500
=001  696214
=005  20220706180013.0
=008  950311s1932\\\\enkb\\\\\\\\\\000\0\eng\d
=035  \\$a(OCoLC)ocm40413432
=035  \\$a696214
=040  \\$aNYP$beng$cNYP$dAGL$dOCLCQ$dOCLCO$dKIJ$dOCLCO$dOCLCF$dOCLCQ$dOCLCO$dAGL
=016  7\$aCAT10908142$2DNAL
=043  \\$aa-is---$aawba---$aawgz---
=070  0\$a282.2$bP17
=072  \0$aE200
=049  \\$aAGLL
=100  1\$aFrench, Lewis,$d1873-$eauthor.
=245  10$aReports on agricultural development and land settlement in Palestine /$cby Lewis French.
=264  \1$aLondon :$bCrown agents for the colonies, for the Palestine Government,$c[1932]
=300  \\$a112 pages :$bmap ;$c34 cm
=336  \\$atext$btxt$2rdacontent
=337  \\$aunmediated$bn$2rdamedia
=338  \\$avolume$bnc$2rdacarrier
=490  1\$aReports on agricultural development and land settlement in Palestine / Government of Palestine ;$v1st.
=500  \\$aCover title.
=500  \\$aAt head of title: Government of Palestine.
=500  \\$aFirst report, December, 1931, and supplementary report, April, 1932, each with special t.p.
=650  \0$aAgriculture and state$zPalestine.
=650  \0$aLand settlement$zPalestine.
=650  \3$amicroeconomics$9auto-assigned by category code
=650  \3$afarm management$9auto-assigned by category code
=650  \3$aagricultural economics$9auto-assigned by category code
=651  \0$aPalestine$xRural development.
=650  \7$aAgriculture and state.$2fast$0(OCoLC)fst00801722
=650  \7$aLand settlement.$2fast$0(OCoLC)fst00991305
=650  \7$aRural development.$2fast$0(OCoLC)fst01101498
=651  \7$aMiddle East$zPalestine.$2fast$0(OCoLC)fst01207534
=710  1\$aPalestine.$bDepartment of Development.
=710  1\$aGreat Britain.$bCrown Agents' Office.
=830  \0$aReports on agricultural development and land settlement in Palestine / Government of Palestine ;$v1st.
=930  \\$a20220706$b00000000$c00000000
=946  \\$aNon-US
=959  \\$a$c2022/07/05$ecmartinez$gupgrade

