=LDR  01769ctm a22004691a 4500
=001  690364
=005  20220817180008.0
=008  950309s1930\\\\ohua\\\\\bm\\\000\0\eng\d
=035  \\$a(OCoLC)ocm54030337
=035  \\$a690364
=040  \\$aOSU$beng$cOSU$dOCLCQ$dAGL$dOCLCF$dOCLCO$dOCLCQ$dOCLCA$dOCLCQ$dOCLCO$dOCL$dOCLCO$dAGL
=016  7\$aCAT10903417$2DNAL
=043  \\$an-us-oh
=070  0\$a280.346$bSt7
=072  \0$aE700
=072  \0$aQ002
=049  \\$aAGLL
=100  1\$aStout, Whitney Bowman,$d1899-
=245  13$aAn analysis of direct to packer marketing of hogs in Ohio /$cby Whitney Bowman Stout.
=264  \0$c1930.
=300  \\$a124, xxxiii leaves :$billustrations ;$c29 cm
=336  \\$atext$btxt$2rdacontent
=337  \\$aunmediated$bn$2rdamedia
=338  \\$avolume$bnc$2rdacarrier
=502  \\$bPh. D.$cOhio State University$d1930
=504  \\$aIncludes bibliographical references (leaves xxiv-xxix).
=500  \\$aVita.
=650  \0$aSwine$zOhio$xMarketing.
=650  \7$aSwine$xMarketing.$2fast$0(OCoLC)fst01140491
=650  \3$ameat products$9auto-assigned by category code
=650  \3$aanimal-based foods$9auto-assigned by category code
=650  \3$amarketing$9auto-assigned by category code
=650  \3$adistribution (economics)$9auto-assigned by category code
=650  \3$aagricultural economics$9auto-assigned by category code
=650  \3$aagribusiness$9auto-assigned by category code
=651  \7$aOhio.$2fast$0(OCoLC)fst01205075
=655  \7$aAcademic theses.$2fast$0(OCoLC)fst01726453
=655  \7$aAcademic theses.$2lcgft
=655  \7$aThèses et écrits académiques.$2rvmgf$0(CaQQLa)RVMGF-000001173
=930  \\$a20220817$b00000000$c00000000
=946  \\$aOther US
=959  \\$a$c2022/08/16$ecmartinez$gupgrade


