=LDR  02100cam a2200505Ia 4500
=001  700975
=005  20220309180017.0
=008  950314s1931\\\\wiu\\\\\\\\\\s000\0\eng\d
=035  \\$a(OCoLC)ocm71083594
=035  \\$a700975
=040  \\$aAGL$beng$cAGL$dWIH$dOCLCQ$dOCLCA$dOCLCF$dOCLCQ$dOCLCA$dAGL
=016  7\$aCAT10909673$2DNAL
=043  \\$an-us-wi
=070  0\$a284.3$bW75
=072  \0$aE700
=072  \0$aQ002
=072  \0$aQ004
=086  \\$aAGR.2:M 43/1931$2widocs
=049  \\$aAGLL
=110  1\$aWisconsin.$bDepartment of Agriculture and Markets.
=245  10$aMeat and bread prices in Wisconsin :$breport to the legislature by the Department of Agriculture and Markets.
=260  \\$a[Madison, Wis.?] :$b[Wisconsin Dept. of Agriculture and Markets],$c[1931]
=300  \\$a13 leaves
=336  \\$atext$btxt$2rdacontent
=337  \\$aunmediated$bn$2rdamedia
=338  \\$avolume$bnc$2rdacarrier
=500  \\$aCover title.
=500  \\$a"As requested in Jr. Res. No. 14S."
=650  \0$aFood prices$zWisconsin.
=650  \0$aCost and standard of living$zWisconsin.
=650  \7$aCost and standard of living.$2fast$0(OCoLC)fst00880673
=650  \7$aFood prices.$2fast$0(OCoLC)fst00930995
=650  \3$aplant-based foods$9auto-assigned by category code
=650  \3$afield crops$9auto-assigned by category code
=650  \3$ameat products$9auto-assigned by category code
=650  \3$aanimal-based foods$9auto-assigned by category code
=650  \3$amarketing$9auto-assigned by category code
=650  \3$adistribution (economics)$9auto-assigned by category code
=650  \3$aagricultural economics$9auto-assigned by category code
=650  \3$aagribusiness$9auto-assigned by category code
=651  \7$aWisconsin.$2fast$0(OCoLC)fst01204595
=776  08$iOnline version:$aWisconsin. Department of Agriculture and Markets.$tMeat and bread prices in Wisconsin.$d[Madison, Wis.?] : [Wisconsin Dept. of Agriculture and Markets], [1931]$w(OCoLC)1084477750
=930  \\$a20220309$b00000000$c00000000
=946  \\$aOther US
=959  \\$a$c2022/03/09$ecmartinez$gupgrade

