=LDR  01430cam a2200397Mi 4500
=001  702834
=005  20220428083511.0
=008  950314s1919\\\\xx\\\\\\\\\\\l000\0\eng\d
=016  7\$aCAT10702834$2DNAL
=035  \\$a(OCoLC)ocm71084838
=035  \\$a702834
=040  \\$aAGL$beng$cAGL$dOCLCQ$dOCLCO$dOCLCQ$dAGL$dOCLCO
=070  0\$a287$bN488B Ed.20
=072  \0$aE700
=072  \0$aS200
=049  \\$aAGLL
=110  2\$aNew York Cotton Exchange.
=245  10$aBy-laws and rules of the New York Cotton Exchange.
=250  \\$a21st ed. ... /$bJan. 2, 1919.
=260  \\$a[Place of publication not identified],$c[1919]
=300  \\$axxxiv, 125 pages, 1 leaf, 8 pages
=336  \\$atext$btxt$2rdacontent
=337  \\$aunmediated$bn$2rdamedia
=338  \\$avolume$bnc$2rdacarrier
=610  20$aNew York Cotton Exchange$vHandbooks, manuals, etc.
=650  \0$aCotton trade$zUnited States.
=650  \0$aCommodity exchanges$zUnited States.
=650  \0$aOptions (Finance)$zUnited States.
=650  \3$anonfood plant products$9auto-assigned by category code
=650  \3$amarketing$9auto-assigned by category code
=650  \3$adistribution (economics)$9auto-assigned by category code
=650  \3$aagricultural economics$9auto-assigned by category code
=650  \3$aagribusiness$9auto-assigned by category code
=930  \\$a20220428$b00000000$c00000000
=946  \\$aOther US
=959  \\$a$c2022/04/25$ecmartinez$gupgrade

