=LDR  02330cam a2200529 i 4500
=001  690462
=005  20220722083504.0
=008  950309s1960\\\\dcua\\\\\\\\\f000\0\eng\c
=016  7\$aCAT10903515$2DNAL
=035  \\$a(OCoLC)ocm13325176
=035  \\$a690462
=040  \\$aCUY$beng$erda$cCUY$dAGL$dEEM$dOCL$dOCLCQ$dKSU$dNTE$dOCLCQ$dOCLCF$dOCLCA$dOCLCQ$dOCLCO$dCOF$dGPO$dIPL$dFUG$dOCL$dOCLCO$dAGL
=042  \\$apcc
=043  \\$an-us---
=070  0\$a280.350$bUn3
=072  \0$aQ102
=072  \0$aQ002
=072  \0$aE710
=072  \0$aD500
=086  0\$aY 4.Ag 8/1:L 16
=049  \\$aAGLL
=110  1\$aUnited States.$bCongress.$bHouse.$bCommittee on Agriculture.,$eauthor.
=245  10$aSuspension of federal grading of lamb and mutton :$bhearings before the Committee on Agriculture, House of Represenatives, Eighty-sixth Congress, second session, January 11, 12, 13, and 14, 1960.
=264  \1$aWashington, D.C. :$bUnited States Government Printing Office,$c1960.
=300  \\$av, 202 pages :$billustrations
=336  \\$atext$btxt$2rdacontent
=337  \\$aunmediated$bn$2rdamedia
=338  \\$avolume$bnc$2rdacarrier
=500  \\$aCover Title.
=500  \\$aHearings held January 11, 12, 13, and 14, 1960.
=500  \\$a"Serial MM."
=650  \0$aMeat industry and trade$zUnited States.
=650  \0$aMutton$xGrading$zUnited States.
=650  \7$aMeat industry and trade.$2fast$0(OCoLC)fst01013271
=651  \7$aUnited States.$2fast$0(OCoLC)fst01204155
=650  \7$aGrading.$2fast$0(OCoLC)fst00945793
=650  \7$aMutton.$2fast$0(OCoLC)fst01031181
=655  \7$aLegislative hearings.$2fast$0(OCoLC)fst01910825
=655  \7$aLegislative hearings.$2lcgft
=655  \7$aAudiences législatives.$2rvmgf$0(CaQQLa)RVMGF-000001453
=710  1\$aUnited States.$bCongress$n(86th, 2nd session :$d1960).$bHouse.
=776  08$iOnline version:$aUnited States. Congress. House. Committee on Agriculture.$tSuspension of federal grading of lamb and mutton.$dWashington, D.C. : U.S. G.P.O., 1960$w(OCoLC)892315536
=856  41$3Google$uhttp://books.google.com/books?id=7f1CAQAAMAAJ
=856  41$3HathiTrust Digital Library, Full view$uhttp://catalog.hathitrust.org/api/volumes/oclc/13325176.html
=930  \\$a20220722$b00000000$c00000000
=946  \\$aOther US
=959  \\$a$c2022/07/22$ecmartinez$gupgrade


