=LDR  01644cam a2200397Ia 4500
=001  692779
=005  20220717180008.0
=008  950310s1930\\\\sz\\\\\\\\\\\i000\0\fre\d
=016  7\$aCAT10970292$2DNAL
=035  \\$a(OCoLC)ocm08909222
=035  \\$a692779
=040  \\$aAJB$beng$cAJB$dOCLCQ$dOCLCF$dOCLCO$dOCLCQ$dOCL$dOCLCA$dOCLCO$dAGL
=043  \\$ae------
=049  \\$aAGLL
=070  0\$a281.359$bL472 Fo
=110  2\$aLeague of Nations.
=245  10$aCommission d'etude pour l'union europeene :$brapport du Secretaire General sur certaines questions techniques qui ont ete examinees par la Societe des Nations.
=264  \1$aGeneva :$bLeague of Nations,$c1930.
=300  \\$a22 pages ;$c33 cm.
=336  \\$atext$btxt$2rdacontent
=337  \\$aunmediated$bn$2rdamedia
=338  \\$avolume$bnc$2rdacarrier
=490  1\$aSérie de publications de la Société des Nations ;$v1930. VII. 6
=500  \\$aNo. officiel : C.693.M.290.1930. VII. [C.E.U.E.2.].
=500  \\$aAt head of title: Genève, le 19 décembre 1930. Societe des Nations.
=650  \3$aagricultural economics$9auto-assigned by category code
=651  \0$aEurope$xPolitics and government$y1918-1945.
=650  \7$aPolitics and government$2fast$0(OCoLC)fst01919741
=651  \7$aEurope.$2fast$0(OCoLC)fst01245064
=610  20$aLeague of Nations.$tPublications. VII. Political$vVII. 6.1930.
=648  \7$a1918-1945$2fast
=710  2\$aLeague of Nations.$bSecretary-General.
=830  \0$aSérie de publications de la Société des Nations ;$v1930. VII. 6
=930  \\$a20220717$b00000000$c00000000
=946  \\$aNon-US
=959  \\$a$c2022/07/17$ecmartinez$gupgrade


