=LDR  01658cam a2200421I  4500
=001  707466
=005  20220325083516.0
=008  950316s1924\\\\alu\\\\\\\\\\s000\0\eng\d
=035  \\$a(OCoLC)ocm08922959
=035  \\$a707466
=040  \\$aALM$beng$cALM$dOCL$dOCLCQ$dAGL$dOCLCQ$dOCLCF$dOCLCQ$dOCLCO$dOCLCA$dAGL
=016  7\$aCAT10931710$2DNAL
=043  \\$an-us-al
=070  0\$a212$bAl1
=072  \0$aX000
=072  \0$aD500
=049  \\$aAGLL
=072  \0$aX000
=072  \0$aD500
=110  1\$aAlabama.$bState Board of Agriculture.
=245  10$aRules and regulations governing weights and measures and weighing and measuring devices in the State of Alabama.$cApproved April 2, 1924.
=260  \\$aMontgomery,$bBrown Print. Co.,$c1924.
=300  \\$a3 volumes$c23 cm
=336  \\$atext$btxt$2rdacontent
=337  \\$aunmediated$bn$2rdamedia
=338  \\$avolume$bnc$2rdacarrier
=505  0\$apt. 1. Liquid capacity measures, dry capacity measures, linear measures, and retail fabric-measuring devices.--pt. 2. Mechanical liquid-measuring devices and vehicle tanks.--pt. 3. Scales and weights.
=650  \0$aWeights and measures$zAlabama.
=650  \0$aMeasuring instruments$zAlabama.
=650  \0$aWeighing instruments$zAlabama.
=650  \0$aScales (Weighing instruments)$zAlabama.
=650  \7$aWeights and measures.$2fast$0(OCoLC)fst01173497
=650  \3$alaws and regulations$9auto-assigned by category code
=650  \3$ainformation sources$9auto-assigned by category code
=651  \7$aAlabama.$2fast$0(OCoLC)fst01204694
=930  \\$a20220325$b00000000$c00000000
=946  \\$aOther US
=959  \\$a$c2022/03/25$ecmartinez$gupgrade

