=LDR  01567cam a22003737i 4500
=001  703656
=005  20220805083507.0
=008  950315s1918\\\\sdua\\\\\\\\\\000\0\eng\d
=035  \\$a(OCoLC)ocm44519207
=035  \\$a703656
=040  \\$aNYP$beng$cNYP$dAGL$dKRTAS$dOCLCQ$dOCLCO$dOCLCQ$dAGL
=016  7\$aCAT10909173$2DNAL
=070  0\$a284.2$bSo82
=072  \0$aE100
=049  \\$aAGLL
=110  1\$aSouth Dakota.$bRural Credit Board.
=245  10$aSouth Dakota system of rural credits :$bHow to secure a loan from the Rural Credit Board. Information for the prospective borrower upon farm land as to the working of the Rural credit act. /$cSouth Dakota Rural Credit Board.
=264  \1$aPierre, S.D. ,$c[1918?]
=300  \\$a8 pages :$btables ;$c8 volumes.
=336  \\$atext$btxt$2rdacontent
=337  \\$aunmediated$bn$2rdamedia
=338  \\$avolume$bnc$2rdacarrier
=650  \0$aAgricultural credit$zSouth Dakota.
=650  \7$aAgricultural credit.$2fast$0(OCoLC)fst00800626
=650  \7$aSouth Dakota$2fast$0(OCoLC)fst01204322
=650  \3$aagricultural economics$9auto-assigned by category code
=655  \3$aInternet resource
=730  0\$aRural credit act.
=776  08$iOnline version:$aSouth Dakota. Rural Credit Board.$tSouth Dakota system of rural credits .$d[Pierre], [1918?]$w(OCoLC)919864901
=856  41$3HathiTrust Digital Library$uhttp://catalog.hathitrust.org/api/volumes/oclc/44519207.html
=930  \\$a20220805$b00000000$c00000000
=945  \\$adakota rural credits
=946  \\$aOther US
=959  \\$a$c2022/08/05$ecmartinez$gupgrade

