=LDR  02318cem a2200457Mi 4500
=001  700339
=005  20220422083507.0
=008  950314s1891\\\\xx\\\\\\\\b\\f\\0\\\fre\d
=035  \\$a(OCoLC)ocm71083195
=035  \\$a700339
=040  \\$aAGL$beng$cAGL$dOCLCO$dOCLCQ$dAGL
=016  7\$aCAT10970571$2DNAL
=041  \\$arus$afre$aeng
=070  0\$a284.3599$bR92S
=072  \0$aX700
=049  \\$aAGLL
=110  1\$aRussia.$bDepartament okladnykh sborov.$bStatisticheskiĭ otdi︠e︡-lenie.
=242  00$aMap of European Russia, a cartogram showing the price of a pood of rye:$brye prices. No XXIX, XXXIX, February, December, 1891.$yeng
=245  10$6880-01$aKarta evropeĭskoĭ Rossīi, kartogramma pokazyvai︠u︡shchai︠a︡ t︠s︡i︠e︡nu puda rzhi =$bEuropean Russia, rye prices.
=246  31$aRussie d'Europe :$bPrix du seigle. No XXIX, XXXIX, Feb., Dec., 1891.
=264  \1$6880-02$a[Saint Petersburg] :$bEdition of the Grain Trade Department of the Department of Trade and Manufactories,$c[1891].
=300  \\$a11 maps :$bcolor ;$c34 x 28 cm, on sheets 42 x 34 cm
=336  \\$acartographic image$bcri$2rdacontent
=337  \\$aunmediated$bn$2rdamedia
=338  \\$asheet$bnb$2rdacarrier
=500  \\$a"Publication de la Séction de commerce des céréales du Département du commerce et de l'industrie"--French publication statement.
=546  \\$aText in Russian and French. Translated Record in English.
=590  \\$aFor later see 284.3599 R922S.
=650  \0$aRye$zRussia, Western$vMaps.
=650  \7$aRye.$2fast$0(OCoLC)fst01102628
=650  \3$amarket analysis$9auto-assigned by category code
=650  \3$aeconomics$9auto-assigned by category code
=651  \7$aWestern Russia.$2fast$0(OCoLC)fst01692672
=655  \7$aMaps.$2fast$0(OCoLC)fst01423704
=710  2\$6880-03$aKartograficheskoe zavedenīe A. Ilʹina.
=880  10$6245-01$aКарта европейской Россфи, картограмма показывающая цпну пуда ржи  =$bMap of European Russia, a cartogram showing the price of a pood of rye
=880  \1$6264-02$a[Saint. Petersburg] :$bИзданфе Хлпботорговаго отдпленфя Департамента торговли и мануфактуръ,$c[1891].
=880  2\$6710-03$aКартографическое заведенфе А. Ильина.
=930  \\$a20220422$b00000000$c00000000
=946  \\$aNon-US
=959  \\$a$c2022/04/22$ecmartinez$gupgrade


