=LDR  01533cam a2200457   4500
=001  698929
=005  20220426180013.0
=008  950313s1930\\\\gw\a\\\\\m\\\\000\0\ger\d
=035  \\$a698929
=035  \\$a(OCoLC)ocm35596580
=040  \\$aMUU$beng$cMUU$dOCLCQ$dAGL$dOCLCQ$dOCLCF$dOCLCQ$dOCLCO$dOCLCQ$dOCLCO$dOCL$dOCLCQ$dZD0$dOCLCO$dAGL
=016  7\$aCAT10972175$2DNAL
=019  \\$a1272532091$a1272703789
=024  8\$aSBRT1749639
=024  8\$aBIST167275
=029  1\$aDEBSZ$b022646922
=029  1\$aHEBIS$b215909445
=043  \\$ae-gx---
=070  0\$a283$bK26
=072  \0$aE100
=049  \\$aAGLL
=100  1\$aKeim, Fritz,$d1904-
=245  14$aDie ländlichen Arbeiterverhältnisse in Württemberg.
=260  \\$aGiessen,$c1930.
=300  \\$a123 pages$billustrations$c29 cm
=336  \\$atext$btxt$2rdacontent
=337  \\$aunmediated$bn$2rdamedia
=338  \\$avolume$bnc$2rdacarrier
=502  \\$aInaug.-diss.--Giessen.
=500  \\$a"Literaturverzeichnis": pages 120-123
=500  \\$aLebenslauf.
=650  \0$aAgricultural laborers$zGermany$zWürttemberg.
=650  \7$aAgricultural laborers.$2fast$0(OCoLC)fst00800949
=650  \3$aagricultural economics$9auto-assigned by category code
=651  \7$aGermany$zWürttemberg.$2fast$0(OCoLC)fst01205917
=655  \7$aAcademic theses.$2fast$0(OCoLC)fst01726453
=655  \7$aAcademic theses.$2lcgft
=655  \7$aHochschulschrift$2gnd-content
=930  \\$a20220426$b00000000$c00000000
=946  \\$aNon-US
=959  \\$a$c2022/04/26$ecmartinez$gupgrade


