=LDR  00961cam a2200325Mi 4500
=001  694548
=005  20220512142649.0
=008  950310q19001995xx\\\\\\\\\\\\000\0\eng\d
=035  \\$a(OCoLC)ocm71079631
=035  \\$a694548
=040  \\$aAGL$beng$cAGL$dOCLCQ$dAGL
=016  7\$aCAT10904049$2DNAL
=070  0\$a280.393$bSy4
=049  \\$aAGLL
=072  \0$aQ305
=072  \0$aE710
=110  2\$aSykes Standard Fruit Wrap Co. (Penryn, Calif.)
=245  10$aStandardization for packing deciduous and citrus fruit :$bsystematic, natural, scientific, mechanical.
=260  \\$c[19--]
=300  \\$a1 volume
=336  \\$atext$btxt$2rdacontent
=337  \\$aunmediated$bn$2rdamedia
=338  \\$avolume$bnc$2rdacarrier
=650  \3$aproduct quality.
=650  \3$aagricultural economics.
=650  \3$ahorticultural crops.
=650  \3$afood packaging.
=930  \\$a20220512$b00000000$c00000000
=946  \\$aOther US
=959  \\$a$c2022/04/06$ecmartinez$gupgrade

