=LDR  02511ctm a22005897a 4500
=001  698922
=005  20220804180011.0
=008  950313s1929\\\\gw\\\\\\\m\\\\000\0\ger\d
=035  \\$a(OCoLC)ocm70145406
=035  \\$a698922
=040  \\$aCRL$beng$cCRL$dAGL$dOCLCO$dOCLCQ$dOCLCA$dOCLCQ$dOCLCO$dOCLCF$dOCLCQ$dOCLCO$dAGL
=016  7\$aCAT10972169$2DNAL
=029  1\$aDEBBG$bBV003113305
=029  1\$aDEBSZ$b071931597
=029  1\$aGEBAY$b7803103
=043  \\$ae-gx---
=070  0\$a283$bH352
=072  \0$aE100
=049  \\$aAGLL
=072  \0$aE100
=100  1\$aHeck, Andreas.
=242  10$aRegulation of working hours in agriculture.$yeng
=245  14$aDie Regelung der Arbeitszeit in der Landwirtschaft /$cAndreas Heck.
=264  \1$a[Erscheinungsort nicht ermittelbar] :$b[Verlag nicht ermittelbar],$c1929.
=300  \\$a72 pages
=336  \\$atext$btxt$2rdacontent
=337  \\$aunmediated$bn$2rdamedia
=338  \\$avolume$bnc$2rdacarrier
=502  \\$bdoctoral$cEberhard-Karls-Universität zu Tübingen$d1929
=500  \\$aNur in beschr. Anz. f.d.A.
=502  \\$aTübingen, Univ., Diss., 1929.
=583  1\$aArchivierung/Langzeitarchivierung gewährleistet$c2022$2pdager$5DE-206
=650  \0$aAgricultural laborers$xLaw and legislation$xWorkload.
=650  \0$aAgricultural laborers$xLaw and legislation$xWorkload$zGermany.
=650  \3$aagricultural economics$9auto-assigned by category code
=651  \7$aGermany.$2fast$0(OCoLC)fst01210272
=650  \7$aAgricultural laborers$xLegal status, laws, etc.$2fast
=655  \7$adoctoral dissertations.$2aat$0(CStmoGRI)aatgf300312076
=655  \7$amasters theses.$2aat$0(CStmoGRI)aatgf300077723
=655  \7$atheses.$2aat$0(CStmoGRI)aatgf300028028
=655  \7$adissertations.$2aat$0(CStmoGRI)aatgf300028029
=655  \7$aAcademic theses.$2fast$0(OCoLC)fst01726453
=655  \7$aAcademic theses.$2lcgft
=655  \7$aThèses et écrits académiques.$2rvmgf$0(CaQQLa)RVMGF-000001173
=655  \7$aHochschulschrift.$0(DE-588)4113937-9$0(DE-627)105825778$0(DE-576)209480580$2gnd-content
=710  2\$aUniversität Tübingen.
=751  \\$aTübingen$4uvp
=776  08$iElektronische Reproduktion von:$aHeck, Andreas.$tDie Regelung der Arbeitszeit in der Landwirtschaft.$dSigmaringen : Daikeler, 1929.$hVIII, 72 Seiten$w(DE-627)236090372
=856  41$uhttp://nbn-resolving.org/urn:nbn:de:zbw$xResolving-System
=930  \\$a20220804$b00000000$c00000000
=946  \\$aNon-US
=959  \\$a$c2022/08/04$ecmartinez$gupgrade


