=LDR  01367cam a2200385Mi 4500
=001  692406
=005  20220327180008.0
=008  950310s1935\\\\uy\\\\\\\\\\\l000\0\spa\d
=035  \\$a(OCoLC)on1289069149
=035  \\$a692406
=040  \\$aAGL$beng$cAGL$dAGL
=016  7\$aCAT10944435$2DNAL
=043  \\$as-uy---
=070  0\$a280.393$bM76
=072  \0$aE710
=072  \0$aQ005
=072  \0$aQ105
=049  \\$aAGLL
=110  2\$aUniversidad de la República (Uruguay).$bFaculta de agronomia.$bEstación experimental del frío.$bEnsenanza extensiva.
=242  00$aStandardization, harvesting and packaging of citrus fruits$yeng
=245  10$aStandardización, cosecha y envasado de frutas cítricas /$c[por] ing. agr. Pedro Menendez Lees
=260  \\$c1935.
=300  \\$a52 pages.
=650  \0$aCitrus$xStandardization.
=650  \0$aCitrus$xHarvesting.
=650  \0$aCitrus$xPackaging.
=650  \3$afood processing$9auto-assigned by category code
=650  \3$aplant-based foods$9auto-assigned by category code
=650  \3$ahorticultural crops$9auto-assigned by category code
=650  \3$aproduct quality$9auto-assigned by category code
=650  \3$aagricultural economics$9auto-assigned by category code
=700  1\$aLees, Pedro Menendez
=930  \\$a20220327$b00000000$c00000000
=946  \\$aNon-US
=959  \\$a$c2022/03/26$ecmartinez$gupgrade


