=LDR  02424cam a2200529Ia 4500
=001  708197
=005  20220701180012.0
=008  950316s1935\\\\dcu\\\\\\s\\\f000\0\eng\c
=010  \\$a   35013475 
=035  \\$a(OCoLC)ocm00525960
=035  \\$a708197
=040  \\$aCSU$beng$cCSU$dOCLCQ$dAGL$dEYM$dFUG$dOCLCF$dOCLCO$dOCLCQ$dOCLCA$dOCLCO$dORC$dVA@$dINU$dOCL$dCHUNN$dOCLCO
=016  7\$aCAT10901145$2DNAL
=019  \\$a822728541$a1248462950
=043  \\$an-us---
=070  0\$a157.41$bC337Rs
=072  \0$aX700
=086  0\$aC 3.65:St 6/2
=086  0\$aC 3.65:ST 6/1
=049  \\$aAGLL
=110  1\$aUnited States.$bBureau of the Census.
=245  10$aCensus of American business.$pRetail distribution, 1933.$pStores and sales by size of business :$bby kinds of business for states and by geographic divisions.
=246  13$aCensus of American business, 1933
=246  30$aRetail distribution, 1933.$pStores and sales by size of business
=246  30$aStores and sales by size of business
=260  \\$a[Washington, D.C.] :$bU.S. Department of Commerce, Bureau of the Census,$c[1935?]
=300  \\$aiv, 53 pages :$btables ;$c26 cm
=336  \\$atext$btxt$2rdacontent
=337  \\$aunmediated$bn$2rdamedia
=338  \\$avolume$bnc$2rdacarrier
=500  \\$aCover title.
=500  \\$aAt head of title: U.S. Department of Commerce, Daniel C. Roper, secretary; Bureau of the Census, William L. Austin, director.
=500  \\$aLithographed.
=650  \0$aRetail trade$zUnited States$vStatistics.
=650  \7$aRetail trade.$2fast$0(OCoLC)fst01096067
=650  \3$amarket analysis$9auto-assigned by category code
=650  \3$aeconomics$9auto-assigned by category code
=651  \7$aUnited States.$2fast$0(OCoLC)fst01204155
=650  \7$aUNITED STATES.$2unbist
=655  \7$aStatistics.$2fast$0(OCoLC)fst01423727
=776  08$iOnline version:$aUnited States. Bureau of the Census.$tCensus of American business.$d[Washington, 1935?]$w(OCoLC)572755403
=776  08$iOnline version:$aUnited States. Bureau of the Census.$tCensus of American business.$d[Washington, 1935?]$w(OCoLC)625833432
=856  41$3Google$uhttp://books.google.com/books?id=tVDOAAAAMAAJ
=856  41$3HathiTrust Digital Library, Limited view (search only)$uhttp://catalog.hathitrust.org/api/volumes/oclc/525960.html
=930  \\$a20220701$b00000000$c00000000
=946  \\$aOther US
=959  \\$a$c2022/06/08$ecmartinez$gupgrade

