=LDR  00933cam a2200301Mi 4500
=001  704563
=005  20220409083509.0
=008  950315s1920\\\\xx\\\\\\\\\\\s000\0\spa\d
=035  \\$a(OCoLC)ocm71085936
=035  \\$a704563
=040  \\$aAGL$beng$cAGL$dOCLCQ$dAGL
=016  7\$aCAT10977993$2DNAL
=070  0\$a284.2$bEn8
=072  \0$aE100
=049  \\$aAGLL
=072  \0$aE100
=110  1\$aEntre Rios (Province : Argentina)
=242  00$aProjects of the executive branch on the creation of agricultural banks.$yeng
=245  10$aProyectos del poder ejecutivo sobre creación de bancos agrícolas ...
=260  \\$c1920.
=300  \\$a17 pages
=336  \\$atext$btxt$2rdacontent
=337  \\$aunmediated$bn$2rdamedia
=338  \\$avolume$bnc$2rdacarrier
=650  \3$aagricultural economics$9auto-assigned by category code
=930  \\$a20220409$b00000000$c00000000
=946  \\$aNon-US
=959  \\$a$c2022/04/09$ecmartinez$gupgrade


