=LDR  01396ctm a2200373Mi 4500
=001  701431
=005  20220419180013.0
=008  950314s1931\\\\xx\\\\\\\m\\\\000\0\ger\d
=035  \\$a(OCoLC)ocn843373640
=035  \\$a701431
=040  \\$aZAP$beng$cZAP$dOCLCQ$dOCLCO$dOCLCF$dOCLCO$dAGL
=016  7\$aCAT10972273$2DNAL
=070  0\$a284.2$bP44
=072  \0$aE100
=049  \\$aAGLL
=072  \0$aE100
=100  1\$aPeters, Christian,$d1902-
=242  00$aThe development of the agricultural credit organization in the province of Schleswig-Holstein in the post-war period.$yeng
=245  14$aDie Entwicklung der landwirtschaftlichen Kreditorganisation in der Provinz Schleswig-Holstein in der Nachkriegszeit /$cChristian Peters.
=264  \0$c1931.
=300  \\$a118 pages
=336  \\$atext$btxt$2rdacontent
=337  \\$aunmediated$bn$2rdamedia
=338  \\$avolume$bnc$2rdacarrier
=502  \\$bdoctoral$cChristian-Albrechts-Universitat Kiel
=650  \0$aAgricultural credit$zGermany.
=650  \0$aAgriculture$zGermany$xFinance.
=650  \3$aagricultural economics$9auto-assigned by category code
=655  \7$aAcademic theses.$2fast$0(OCoLC)fst01726453
=655  \7$aAcademic theses.$2lcgft
=655  \7$aThèses et écrits académiques.$2rvmgf$0(CaQQLa)RVMGF-000001173
=930  \\$a20220419$b00000000$c00000000
=946  \\$aNon-US
=959  \\$a$c2022/04/19$ecmartinez$gupgrade


