=LDR  01214cam a2200337I  4500
=001  698443
=005  20220527083514.0
=008  950313s1924\\\\maua\\\\\\\\\\000\0\eng\\
=010  \\$a   24032112 
=035  \\$a698443
=035  \\$a(OCoLC)ocm19058743
=040  \\$aDLC$beng$cEEM$dOCLCQ$dAGL$dOCLCQ$dOCLCF$dOCLCQ$dOCLCO
=016  7\$aCAT10908961$2DNAL
=043  \\$an-us---
=070  0\$a284.2$bF51
=072  \0$aE100
=049  \\$aAGLL
=110  2\$aFirst National Corporation.
=245  10$aFarm loan banking;$ban analytical study of the securities of federal land banks, joint stock land banks and federal intermediate credit banks.
=260  \\$aBoston,$bFirst National Corp.$c[©1924]
=300  \\$a39, [1], iii pages$bfolded table, diagrams$c23 cm
=336  \\$atext$btxt$2rdacontent
=337  \\$aunmediated$bn$2rdamedia
=338  \\$avolume$bnc$2rdacarrier
=650  \0$aAgricultural credit$zUnited States.
=650  \7$aAgricultural credit.$2fast$0(OCoLC)fst00800626
=650  \3$aagricultural economics$9auto-assigned by category code
=651  \7$aUnited States.$2fast$0(OCoLC)fst01204155
=930  \\$a20220527$b00000000$c00000000
=946  \\$aOther US
=959  \\$a$c2022/05/26$ecmartinez$gupgrade


