=LDR  02476cam a22005772a 4500
=001  703611
=005  20220825083507.0
=008  950315s2007\\\\ht\\\\\\\\\\\f000\0\fre\d
=016  7\$aCAT10970694$2DNAL
=035  \\$a(OCoLC)ocn234092861
=035  \\$a703611
=040  \\$aNYP$beng$cNYP$dSTF$dOCLCF$dOCLCO$dOCL$dOCLCQ$dNYP$dOCLCO$dOCLCA$dOCLCO$dOCLCQ$dAGL
=020  \\$a9789993572558
=020  \\$a9993572551
=029  1\$aGBVCP$b818854987
=043  \\$anwht---
=049  \\$aAGLL
=070  0\$a286.368$bSy7
=242  00$aReports of the National Citizens' Commission for Reflection on the Armed Forces of Haiti.$yeng
=245  00$aRapports de la Commission citoyenne nationale de réflexion sur les forces armées d'Haïti.
=260  \\$a[Haiti] :$b[Association militaire d'Haïti],$c[2007]
=300  \\$a88 pages ;$c21 cm
=336  \\$atext$btxt$2rdacontent
=337  \\$aunmediated$bn$2rdamedia
=338  \\$avolume$bnc$2rdacarrier
=650  \3$aplant-based foods$9auto-assigned by category code
=650  \3$afield crops$9auto-assigned by category code
=650  \3$amarketing$9auto-assigned by category code
=650  \3$adistribution (economics)$9auto-assigned by category code
=650  \3$aagricultural economics$9auto-assigned by category code
=650  \3$aagribusiness$9auto-assigned by category code
=651  \0$aHaiti$xPolitics and government$y1986-
=651  \0$aHaiti$xArmed Forces.
=650  \0$aPolitical stability$zHaiti.
=650  \0$aInternal security$zHaiti.
=650  \0$aNational security$zHaiti.
=650  \7$aArmed Forces.$2fast$0(OCoLC)fst00814586
=650  \7$aInternal security.$2fast$0(OCoLC)fst00976624
=650  \7$aNational security.$2fast$0(OCoLC)fst01033711
=650  \7$aPolitics and government.$2fast$0(OCoLC)fst01919741
=650  \7$aPolitical stability.$2fast$0(OCoLC)fst01069883
=651  \7$aHaiti.$2fast$0(OCoLC)fst01205135
=648  \7$aSince 1986$2fast
=655  \3$aInternet resource
=710  2\$aAssociation militaire d'Haïti.
=710  2\$aCommission citoyenne nationale de réflexion sur les forces armées d'Haïti.
=776  08$iOnline version:$tRapports de la Commission citoyenne nationale de réflexion sur les forces armées d'Haïti.$d[Haiti : Association militaire d'Haïti, 2007]$w(OCoLC)755150382
=856  41$3Google$uhttp://books.google.com/books?id=EYQ6AQAAIAAJ
=930  \\$a20220825$b00000000$c00000000
=946  \\$aNon-US
=959  \\$a$c2022/08/20$ecmartinez$gupgrade


