=LDR  01645cam a2200397Mi 4500
=001  689660
=005  20220730083508.0
=008  950308s1933\\\\oru\\\\\\\\\\s000\0\eng\d
=035  \\$a(OCoLC)ocm71076523
=035  \\$a689660
=040  \\$aAGL$beng$cAGL$dWAU$dOCLCQ$dOCLCO$dAGL
=016  7\$aCAT10903061$2DNAL
=043  \\$an-us-or
=070  0\$a280.32$bP83
=072  \0$aX700
=072  \0$aX700
=049  \\$aAGLL
=245  00$aPortland, Oregon as an industrial or distributive center from which to serve the eleven western states;$ban analysis of the economic factors which apply to production and distribution in this great area, based chiefly upon the 1929-30 returns of the census, population, manufactures, agriculture, wholesale and retail distribution, mining.
=264  \1$aPortland, Or.,$bChamber of Commerce, Research and Statistical Dept.,$c[1931?]
=300  \\$a[28] pages
=336  \\$atext$btxt$2rdacontent
=337  \\$aunmediated$bn$2rdamedia
=338  \\$avolume$bnc$2rdacarrier
=650  \0$aHarbors$zOregon$zPortland.
=650  \3$amarket analysis$9auto-assigned by category code
=650  \3$aeconomics$9auto-assigned by category code
=651  \0$aPortland (Or.)$xCommerce.
=650  \0$aIndustries$zOregon$zPortland.
=650  \7$aCommerce.$2fast$0(OCoLC)fst00869279
=650  \7$aHarbors.$2fast$0(OCoLC)fst00951219
=650  \7$aIndustries.$2fast$0(OCoLC)fst00971852
=651  \7$aOregon$zPortland.$2fast$0(OCoLC)fst01204325
=710  2\$aPortland Chamber of Commerce (Or.).$bResearch Department.
=930  \\$a20220730$b00000000$c00000000
=946  \\$aOther US
=959  \\$a$c2022/07/17$ecmartinez$gupgrade

