=LDR  01592ctm a22004337i 4500
=001  701535
=005  20220825083507.0
=008  950314s1932\\\\gw\\\\\\\m\\\\000\0\ger\d
=035  \\$a(OCoLC)ocm52044415
=035  \\$a701535
=040  \\$aCRL$beng$cCRL$dOCLCQ$dAGL$dDEBBG$dOCLCQ$dOCLCO$dOCLCF$dOCLCQ$dOCLCO$dAGL
=016  7\$aCAT10972338$2DNAL
=029  1\$aDEBBG$bBV013892247
=070  0\$a284.3$bSp6
=072  \0$aE700
=084  \\$aQS 200$2rvk
=049  \\$aAGLL
=100  1\$aSporkenbach, Hans.
=242  14$aThe English food inquiry.$yeng
=245  14$aDie Englische Nahrungsmittelenquete /$cHans Sporkenbach.
=264  \0$aEuskirchen :$bDoepgen,$c1932.
=300  \\$a75 pages
=336  \\$atext$btxt$2rdacontent
=337  \\$aunmediated$bn$2rdamedia
=338  \\$avolume$bnc$2rdacarrier
=502  \\$aAgricultural Hochschule, dissertation--Bonn-Poppelsdorf, 1932.
=502  \\$bPh.D.$cLandwirtschaftliche Hochschule Bonn-Poppelsdorf$d1932.
=650  \0$aLabor economics.
=650  \7$aLabor economics.$2fast$0(OCoLC)fst00989943
=650  \3$amarketing$9auto-assigned by category code
=650  \3$adistribution (economics)$9auto-assigned by category code
=650  \3$aagricultural economics$9auto-assigned by category code
=650  \3$aagribusiness$9auto-assigned by category code
=655  \7$aAcademic theses.$2fast$0(OCoLC)fst01726453
=655  \7$aAcademic theses.$2lcgft
=655  \7$aThèses et écrits académiques.$2rvmgf$0(CaQQLa)RVMGF-000001173
=930  \\$a20220825$b00000000$c00000000
=946  \\$aNon-US
=959  \\$a$c2022/08/24$ecmartinez$gupgrade


