=LDR  01510cam a22004337i 4500
=001  692982
=005  20220527180022.0
=008  950310s1930\\\\gw\\\\\\\m\\\\000\0\ger\d
=035  \\$a(OCoLC)ocm35268882
=035  \\$a692982
=040  \\$aMUU$beng$cMUU$dOCL$dOCLCQ$dAGL$dGBVCP$dOCLCO$dOCLCQ$dOCLCF$dOCLCQ$dOCLCO$dOCL$dOCLCQ$dAGL
=016  7\$aCAT10971633$2DNAL
=029  1\$aDEBSZ$b072976241
=029  1\$aGBVCP$b043297919
=070  0\$a281.175$bM89
=072  \0$aE100
=049  \\$aAGLL
=072  \0$aE100
=100  1\$aMügge, Wilhelm,$d1903-
=242  00$aLiving conditions of small farms.$yeng
=245  10$aExistenzbedingungen kleiner bäuerlicher betriebe /$cWilhelm Mügge.
=264  \1$aKiel,$c1930.
=300  \\$a115 pages ;$c24 cm
=336  \\$atext$btxt$2rdacontent
=337  \\$aunmediated$bn$2rdamedia
=338  \\$avolume$bnc$2rdacarrier
=502  \\$bPh. D.$cKiel University$d1930
=504  \\$a"Literatur": pages 113-114
=650  \0$aAgriculture$xEconomic aspects.
=650  \0$aFarms, Small$xEconomic conditions.
=650  \7$aAgriculture$xEconomic aspects.$2fast$0(OCoLC)fst00801415
=650  \7$aEconomic conditions.$2fast$0(OCoLC)fst01919582
=650  \7$aFarms, Small.$2fast$0(OCoLC)fst00921488
=650  \3$aagricultural economics$9auto-assigned by category code
=655  \7$aAcademic theses.$2fast$0(OCoLC)fst01726453
=655  \7$aAcademic theses.$2lcgft
=930  \\$a20220527$b00000000$c00000000
=946  \\$aNon-US
=959  \\$a$c2022/05/27$ecmartinez$gupgrade


