=LDR  03062cam a2200517Ia 4500
=001  706650
=005  20220322180015.0
=008  950315s1938\\\\dcuabk\\\\\\\\000\0\spa\d
=010  \\$a   38026643 
=016  7\$aCAT10930578$2DNAL
=035  \\$a(OCoLC)ocm01527018
=035  \\$a706650
=040  \\$aFUG$beng$cFUG$dOCL$dDNU$dOCL$dOCLCQ$dDRB$dOCLCQ$dOCLCF$dOCLCO$dOCLCQ$dOCLCO$dOCLCA$dZAP$dOCLCQ$dAGL
=029  1\$aAU@$b000027185463
=041  1\$aspa$heng
=043  \\$anwpr---
=070  0\$a173.2$bP962Ce
=072  \0$aX800
=072  \0$aX700
=086  0\$aI 36.2:P 81
=049  \\$aAGLL
=110  1\$aUnited States.$bPuerto Rico Reconstruction Administration.
=245  10$aCenso de Puerto Rico: 1935:$bPoblación y agricultura.$cPreparado bajo la dirección del dr. Leon E. Truesdell, estadístico principal de población de la Oficina del censo de los Estados Unidos, bajo nombramiento especial como superintendente general del censo de Puerto Rico ... Census of Puerto Rico: 1935. Population and agriculture. Prepared under the supervision of Dr. Leon E. Truesdell, chief statistician for population in the United States Bureau of the census, under special assignment as general supervisor of the census of Puerto Rico.
=260  \\$aWashington,$bU.S. Govt. Print. Off.,$c1938.
=300  \\$avi, 154 pages$bincluding illustrations (map) tables, form$c30 cm
=336  \\$atext$btxt$2rdacontent
=337  \\$aunmediated$bn$2rdamedia
=338  \\$avolume$bnc$2rdacarrier
=500  \\$aAt head of Spanish title: Administración de reconstrucción de Puerto Rico. San Juan, Puerto Rico. At head of English title: Puerto Rico reconstruction administration. San Juan, Puerto Rico.
=500  \\$aSpanish and English.
=500  \\$aIn this volume are bound together the three bulletins in which were first published the results of the 1935 Census of Puerto Rico, with only such revision as seemed absolutely necessary. The data on population were presented in two bulletins which now constitute chapters 1 and 2 of the volume; and the data on agriculture were presented in one bulletin which now forms chapter 3 of the volume."--Foreword.
=650  \3$amarket analysis$9auto-assigned by category code
=650  \3$aeconomics$9auto-assigned by category code
=650  \3$asociology$9auto-assigned by category code
=650  \3$aeducation$9auto-assigned by category code
=650  \3$aculture and humanities$9auto-assigned by category code
=651  \0$aPuerto Rico$xPopulation.
=650  \0$aAgriculture$zPuerto Rico.
=650  \7$aAgriculture.$2fast$0(OCoLC)fst00801355
=650  \7$aPopulation.$2fast$0(OCoLC)fst01071476
=651  \7$aPuerto Rico.$2fast$0(OCoLC)fst01205432
=740  0\$aCensus of Puerto Rico: 1935. Population and agriculture.
=776  08$iOnline version:$aUnited States. Puerto Rico Reconstruction Administration.$tCenso de Puerto Rico: 1935.$dWashington, U.S. Govt. print. off., 1938$w(OCoLC)657024222
=930  \\$a20220322$b00000000$c00000000
=946  \\$aOther US
=959  \\$a$c2022/03/22$ecmartinez$gupgrade


