=LDR  01603cam a2200457Mi 4500
=001  692946
=005  20220723083508.0
=008  950310s1932\\\\gw\\\\\\\\\\\\000\0\ger\d
=035  \\$a(OCoLC)on1289038427
=035  \\$a692946
=040  \\$aAGL$beng$cAGL$dAGL
=016  7\$aCAT10971597$2DNAL
=043  \\$ae-gx---
=070  0\$a281.175$bK82
=049  \\$aAGLL
=072  \0$aE100
=100  1\$aKohnert, Hans Joachim.
=242  04$aThe operating conditions of the German peasant farms in the former province of West Prussia.$yeng
=245  14$aDie Betriebsverhältnisse der deutschen Bauernwirtschaften in der ehemaligen Provinz Westpreussen /$cHans Joachim Kohnert.
=264  \1$aDanzig :$bKafemann,$c1932.
=300  \\$a92 pages
=336  \\$atext$btxt$2rdacontent
=337  \\$aunmediated$bn$2rdamedia
=338  \\$avolume$bnc$2rdacarrier
=502  \\$cDanzig
=504  \\$a[Includes bibliographical references (page 91)].
=650  \0$aPeasants$zGermany.
=650  \0$aAgricultural laborers$zGermany.
=650  \0$aEconomics$zGermany.
=650  \0$aFarm management.
=650  \3$aagricultural economics.
=650  \7$aAgricultural laborers.$2fast$0(OCoLC)fst00800949
=650  \7$aEconomics.$2fast$0(OCoLC)fst00902116
=650  \7$aFarm management.$2fast$0(OCoLC)fst00921070
=650  \7$aPeasants.$2fast$0(OCoLC)fst01734394
=651  \7$aGermany.$2fast$0(OCoLC)fst01210272
=655  \7$aAcademic theses.$2fast$0(OCoLC)fst01726453
=655  \7$aAcademic theses.$2lcgft
=930  \\$a20220723$b00000000$c00000000
=946  \\$aNon-US
=959  \\$a$c2022/07/22$ecmartinez$gupgrade


