=LDR  01543ctm a2200433Mi 4500
=001  701656
=005  20221008084025.0
=008  950314s1933\\\\gw\\\\\\\m\\\\000\0\ger\d
=035  \\$a(OCoLC)ocn843305805
=035  \\$a701656
=040  \\$aZAP$beng$cZAP$dOCLCQ$dOCLCO$dOCLCF$dOCLCO$dAGL
=043  \\$ae-gx---
=016  7\$aCAT10972402$2DNAL
=070  0\$a284.6$bL19
=072  \0$aE200
=049  \\$aAGLL
=100  1\$aLampe, Hermann,$d1902-
=242  10$aStudies on hail damage and hail damage compensation in agriculture /$cHermann Lampe.$yeng
=245  10$aUntersuchungen uber Hagelschaden und Hagelschadenentschadigung in der Landwirtschaft /$cHermann Lampe.
=264  \0$c1933.
=300  \\$a198 pages
=336  \\$atext$btxt$2rdacontent
=337  \\$aunmediated$bn$2rdamedia
=338  \\$avolume$bnc$2rdacarrier
=502  \\$bdoctoral$cLandwirtschaftliche Hochschule, Berlin
=650  \0$aPlants$xEffect of hail on$zGermany.
=650  \0$aHail insurance$zGermany.
=650  \7$aHail insurance.$2fast$0(OCoLC)fst01715838
=650  \7$aPlants$xEffect of hail on.$2fast$0(OCoLC)fst01065941
=650  \3$amicroeconomics.
=650  \3$afarm management.
=650  \3$aagricultural economics.
=651  \7$aGermany.$2fast$0(OCoLC)fst01210272
=655  \7$aAcademic theses.$2fast$0(OCoLC)fst01726453
=655  \7$aAcademic theses.$2lcgft
=655  \7$aThèses et écrits académiques.$2rvmgf$0(CaQQLa)RVMGF-000001173
=930  \\$a20221008$b00000000$c00000000
=946  \\$aNon-US
=959  \\$a$c2022/09/28$ecmartinez$gupgrade


