=LDR  02515cam a22005532a 4500
=001  707580
=005  20220813083530.0
=008  950316s1929\\\\cau\\\\\\\\\\s000\0\eng\d
=035  \\$a(OCoLC)ocm71088011
=035  \\$a707580
=040  \\$aAGL$beng$cAGL$dNTE$dOCLCQ$dOCLCO$dOCLCA$dOCLCF$dFQR$dOCLCO$dAGL
=016  7\$aCAT10931815$2DNAL
=020  \\$a0809071908
=020  \\$a9780809071906
=041  0\$aeng$afre
=043  \\$an-us-ca
=070  0\$a225$bC12
=072  \0$aQ005
=072  \0$aE700
=049  \\$aAGLL
=110  1\$aCalifornia.$bDepartment of Agriculture.$bDivision of Markets.
=245  10$aOfficial list of produce dealers and deciduous fruit dealers /$cprepared by Fred N. Bigelow
=260  \\$aSacramento$bCalifornia State Printing Office$c1929.
=300  \\$a23 pages ;$c23 cm
=336  \\$atext$btxt$2rdacontent
=337  \\$aunmediated$bn$2rdamedia
=338  \\$avolume$bnc$2rdacarrier
=504  \\$aBibliography: pages 195-196.
=520  2\$aThis list of dealers bonded and licensed under the Produce Dealers Act, Chapter 860 of the Statutes of 1927, and Chapter 344 of tho Statutes of 1929, contains the names of tho dealers and their addresses, and indicates the commodites handled.
=520  \\$aThis publication was published for the information and guidance of both dealers and producers in California in attemptining to comply with the provisions of the two state laws, the "Produce Dealer Act" and the "Deciduous Fruit Dealers Act."
=590  \\$aFor later see 225 C121.
=650  \0$aFruit trade$zCalifornia.
=650  \0$aProduce trade$xLaw and legislation$zCalifornia.
=650  \0$aFruit$xLaw and legislation$xMarketing.
=650  \0$aFarm produce$zCalifornia$xMarketing.
=650  \7$aFarm produce$xMarketing.$2fast$0(OCoLC)fst00921182
=650  \7$aFruit trade.$2fast$0(OCoLC)fst00935698
=650  \7$aProduce trade$xLaw and legislation.$2fast$0(OCoLC)fst01078157
=650  \3$amarketing$9auto-assigned by category code
=650  \3$adistribution (economics)$9auto-assigned by category code
=650  \3$aagricultural economics$9auto-assigned by category code
=650  \3$aagribusiness$9auto-assigned by category code
=650  \3$aplant-based foods$9auto-assigned by category code
=650  \3$ahorticultural crops$9auto-assigned by category code
=651  \7$aCalifornia.$2fast$0(OCoLC)fst01204928
=700  1\$aBigelow, Fred N.
=930  \\$a20220813$b00000000$c00000000
=946  \\$aOther US
=959  \\$a$c2022/08/12$ecmartinez$gupgrade

