=LDR  01542cam a2200385 a 4500
=001  693335
=005  20220921180050.0
=008  950310s1932\\\\it\\\\\\\\\\\\000\0\ita\d
=035  \\$a(OCoLC)ocm38945348
=035  \\$a693335
=040  \\$aNYP$beng$cNYP$dAGL$dOCLCQ$dOCLCO$dOCLCQ$dOCLCO$dAGL
=016  7\$aCAT10973283$2DNAL
=043  \\$ae-it---
=070  0\$a281.176$bC76
=072  \0$aE100
=049  \\$aAGLL
=110  2\$aConfederazione fascista dei lavoratori dell'agricoltura.$bConsiglio nazionale.
=242  10$aProceedings of the National Council. :$bJuly 28-30, 1932-X /$cFascist Confederation of Agricultural Workers.$yeng
=245  10$aAtti del Consiglio nazionale. :$b28-30 luglio 1932-X /$cConfederazione fascista dei lavoratori dell'agricoltura.
=260  \\$aRoma,$bStab. tip. soc. edit. "Il Lavoro fascista, ",$canno XI [1932]
=300  \\$avii, 475 pages ;$c25 cm
=336  \\$atext$btxt$2rdacontent
=337  \\$aunmediated$bn$2rdamedia
=338  \\$avolume$bnc$2rdacarrier
=500  \\$aAt head of title: Confederazione nazionale sindacati fascisti dell'agricoltura.
=650  \0$aAgriculture$zItaly$y20th century.
=650  \0$aAgricultural laborers$zItaly$y20th century.
=650  \7$aAgricultural laborers.$2fast$0(OCoLC)fst00800949
=650  \7$aAgriculture.$2fast$0(OCoLC)fst00801355
=650  \3$aagricultural economics.
=651  \7$aItaly.$2fast$0(OCoLC)fst01204565
=648  \7$a1900-1999$2fast
=930  \\$a20220921$b00000000$c00000000
=946  \\$aNon-US
=959  \\$a$c2022/09/01$ecmartinez$gupgrade

