=LDR  02003cam a2200445 a 4500
=001  697099
=005  20220921180049.0
=008  950313s1922\\\\kyuab\\\\\\\\s000\0\eng\d
=016  7\$aCAT10907461$2DNAL
=035  \\$a(OCoLC)ocm21290135
=035  \\$a697099
=040  \\$aRQF$beng$cRQF$dAGL$dBUF$dOCLCQ$dOCLCG$dOCLCQ$dOCLCF$dOCLCQ$dOCLCO$dOCLCA$dOCLCO$dOCLCQ$dOCLCO$dAGL
=043  \\$an-us-ky
=070  0\$a100$bK41 (2) no.240
=070  0\$a282$bF772
=072  \0$aE110
=049  \\$aAGLL
=100  1\$aForster, G. W.$q(Garnet Wolsey),$d1887-1961.
=245  10$aLand prices and land speculation in the bluegrass region of Kentucky /$c[by G.W. Forster].
=260  \\$aLexington :$bKentucky Agricultural Experiment Station, University of Kentucky,$c1922.
=300  \\$apages 37-74 :$billustrations, map ;$c23 cm
=336  \\$atext$btxt$2rdacontent
=337  \\$aunmediated$bn$2rdamedia
=338  \\$avolume$bnc$2rdacarrier
=490  1\$aBulletin / Kentucky Agricultural Experiment Station ;$vno. 240
=650  \0$aReal estate investment$zKentucky.
=650  \0$aReal property$xPrices$zKentucky.
=650  \7$aReal estate investment.$2fast$0(OCoLC)fst01091018
=650  \7$aReal property$xPrices.$2fast$0(OCoLC)fst01091137
=650  \3$amacroeconomics$9auto-assigned by category code
=650  \3$aland use$9auto-assigned by category code
=650  \3$aland management$9auto-assigned by category code
=650  \3$aeconomics$9auto-assigned by category code
=651  \7$aKentucky.$2fast$0(OCoLC)fst01204494
=776  08$iOnline version:$aForster, G.W. (Garnet Wolsey), 1887-1961.$tLand prices and land speculation in the bluegrass region of Kentucky.$dLexington : Kentucky Agricultural Experiment Station, University of Kentucky, 1922$w(OCoLC)905435648
=830  \0$aBulletin (Kentucky Agricultural Experiment Station) ;$vno. 240.
=930  \\$a20220921$b00000000$c00000000
=939  \\$a20080630$b20080704$c00000000
=946  \\$aOther US
=959  \\$a$c2022/09/21$ecmartinez$gupgrade

