=LDR  01382cam a2200409 i 4500
=001  686848
=005  20220520180015.0
=008  950216s1905\\\\gw\\\\\\\\\\\\000\0\ger\d
=040  \\$aCOO$beng$cCOO$dAGL$dOCLCF$dOCLCO$dOCLCQ$dAGL
=035  \\$a(OCoLC)ocm58967079
=035  \\$a686848
=016  7\$aCAT10920902$2DNAL
=029  1\$aNLGGC$b258151382
=043  \\$ae-gx---
=070  0\$a75$bB39
=072  \0$aF110
=049  \\$aAGLL
=100  1\$aBehrend, Martin.
=242  00$aGermany's potato production and consumption in the present and in the future$bAn economic study.$yeng
=245  10$aDeutschlands Kartoffelerzeugung und Verbrauch in Gegenwart und Zukunft;$beine volkswirthschaftliche Studie /$cMartin Behrend.
=264  \1$aBerlin :$bPaul Parey,$c1905.
=300  \\$a47 pages$c23 cm
=336  \\$atext$btxt$2rdacontent
=337  \\$aunmediated$bn$2rdamedia
=338  \\$avolume$bnc$2rdacarrier
=650  \0$aPotatoes$zGermany.
=650  \0$aFarm produce$zGermany.
=650  \3$aplant cultural practices.
=650  \3$ahorticulture.
=650  \3$ahorticultural crops.
=650  \3$acrop production.
=650  \7$aFarm produce.$2fast$0(OCoLC)fst00921161
=650  \7$aPotatoes.$2fast$0(OCoLC)fst01073379
=651  \7$aGermany.$2fast$0(OCoLC)fst01210272
=930  \\$a20220520$b00000000$c00000000
=946  \\$aNon-US
=959  \\$a$c2022/04/25$ecmartinez$gupgrade

