=LDR  01165cam a2200361Ii 4500
=001  708283
=005  20220425180019.0
=008  950316s1939\\\\dcu\\\\\\b\\\f000\0\eng\d
=035  \\$a(OCoLC)ocm21172711
=035  \\$a708283
=040  \\$aDCL$beng$cDCL$dOCL$dAGL$dOCLCQ$dOCLCO$dOCLCF$dOCL$dAGL
=016  7\$aCAT10901233$2DNAL
=043  \\$an-us---
=070  0\$a157.41$bL682
=072  \0$aX800
=049  \\$aAGLL
=072  \0$aX800
=110  1\$aUnited States.$bBureau of the Census.
=245  10$aList of reports and publications relating to vital statistics.
=264  \1$aWashington, D.C. :$bDept. of Commerce, Bureau of the Census,$c1939.
=300  \\$a4 pages ;$c27 cm
=336  \\$atext$btxt$2rdacontent
=337  \\$aunmediated$bn$2rdamedia
=338  \\$avolume$bnc$2rdacarrier
=650  \3$asociology.
=650  \3$aeducation.
=650  \3$aculture and humanities.
=651  \0$aUnited States$xStatistics, Vital$vBibliography.
=651  \7$aUnited States.$2fast$0(OCoLC)fst01204155
=655  \7$aBibliographies.$2fast$0(OCoLC)fst01919895
=930  \\$a20220425$b00000000$c00000000
=946  \\$aOther US
=959  \\$a$c2022/04/25$ecmartinez$gupgrade

