=LDR  01579cam a2200385Ia 4500
=001  701332
=005  20220607083518.0
=008  950314s1932\\\\ncu\\\\\\\\\\\000\0\eng\d
=035  \\$a(OCoLC)ocm09956230
=035  \\$a701332
=040  \\$aNDL$beng$cNDL$dOCLCQ$dAGL$dOCLCQ$dOCLCO$dOCLCA$dOCLCF$dOCLCO$dAGL
=016  7\$aCAT10910098$2DNAL
=043  \\$an-us---
=070  0\$a284.5$bD93
=072  \0$aX700
=049  \\$aAGLL
=110  2\$aDuke University.$bSchool of Law.$bDepartment of Legislative Research and Drafting.
=245  14$aThe Sales tax :$ba study of sales taxes in the United States and foreign countries, with a consideration of underlying principles and policies /$cprepared by the Department of Legislative Research and Drafting, Duke University Law School, Durham, North Carolina.
=260  \\$aDurham, North Carolina:$bThe Department,$c1932.
=300  \\$a45 leaves ;$c29 centimeters
=336  \\$atext$btxt$2rdacontent
=337  \\$aunmediated$bn$2rdamedia
=338  \\$avolume$bnc$2rdacarrier
=500  \\$aMimeographed.
=650  \0$aSales tax.
=650  \0$aSales tax$zUnited States.
=650  \7$aSales tax.$2fast$0(OCoLC)fst01103887
=650  \3$amarket analysis$9auto-assigned by category code
=650  \3$aeconomics$9auto-assigned by category code
=651  \7$aUnited States.$2fast$0(OCoLC)fst01204155
=710  2\$aUniversity of North Carolina (1793-1962).$bSchool of Law.
=710  2\$aNorth Carolina Constitutional Commission.
=930  \\$a20220607$b00000000$c00000000
=946  \\$aOther US
=959  \\$a$c2022/06/07$ecmartinez$gupgrade

