=LDR  01381ctm a2200373Ii 4500
=001  16298
=005  20220617083514.0
=008  710922s1969\\\\xx\\\\\\\bm\\\000\0\eng\d
=016  7\$aCAT71306126$2DNAL
=035  \\$a16298
=040  \\$aOSU$beng$cOSU$dOCLCQ$dOCLCF$dOCLCO$dOCLCQ$dOCLCO$dWURST$dOCL$dAGL
=035  \\$a(OCoLC)51652517
=049  \\$aAGLL
=070  \\$aDISS 70-6793
=072  \0$a1500
=100  1\$aHildebolt, William Morton,$d1943-
=245  14$aThe influence of preservation methods of [on] the color and other quality attributes of green beans (phaseolus vulgaris l.) /$cWilliam Morton Hildebolt.
=264  \0$c1969.
=300  \\$a162 leaves
=336  \\$atext$btxt$2rdacontent
=337  \\$aunmediated$bn$2rdamedia
=338  \\$avolume$bnc$2rdacarrier
=502  \\$bPh. D.$cOhio State University$d1969
=504  \\$aIncludes bibliographical references (leaves 155-162).
=591  \\$bNAL Reclamation
=650  \0$aBeans.$0http://id.loc.gov/authorities/subjects/sh85012651
=655  \7$aAcademic theses.$2fast$0(OCoLC)fst01726453
=655  \7$aAcademic theses.$2lcgft$0http://id.loc.gov/authorities/genreForms/gf2014026039
=841  \\$ax$b8706030u    0   4   uu   1870603$ez
=852  \\$aDNAL$iDISS 70-6793
=930  \\$a20220617$b00000000$c00000000
=946  \\$aOther US
=959  \\$a$c2011/10/14$essouder$gde
=959  \\$a$c2016/03/07$eaallen$gaccadd

