=LDR  01146cam a2200349Mi 4500
=001  699314
=005  20220525083518.0
=008  950313s1930\\\\xx\a\\\\\\\\\f000\0\por\d
=035  \\$a(OCoLC)ocm71082516
=035  \\$a699314
=040  \\$aAGL$beng$cAGL$dOCLCO$dOCLCQ$dAGL
=016  7\$aCAT10974866$2DNAL
=070  0\$a282.2$bR47
=072  \0$aE110
=049  \\$aAGLL
=110  1\$aBrazil.$bMinistério da Agricultura, Indústria e Comércio.$bDirectoria de Povoamento.
=242  00$aPopulation services.$yeng
=245  13$aOs serviços de povoamento.
=264  \0$c1930.
=300  \\$a8 pages :$billustrations ;$c24 cm
=336  \\$atext$btxt$2rdacontent
=337  \\$aunmediated$bn$2rdamedia
=338  \\$avolume$bnc$2rdacarrier
=650  \0$aLand tenure$zBrazil.
=650  \0$aLand use$zBrazil.
=650  \3$amacroeconomics$9auto-assigned by category code
=650  \3$aland use$9auto-assigned by category code
=650  \3$aland management$9auto-assigned by category code
=650  \3$aeconomics$9auto-assigned by category code
=930  \\$a20220525$b00000000$c00000000
=946  \\$aNon-US
=959  \\$a$c2022/05/24$ecmartinez$gupgrade


