=LDR  01249cam a2200361I  4500
=001  695977
=005  20220409083509.0
=008  950310s1917\\\\ncu\\\\\\\\\\\000\0\eng\d
=035  \\$a(OCoLC)ocm35568288
=040  \\$aNDD$beng$cNDD$dOCLCQ$dAGL$dOCLCG$dOCLCQ$dOCLCO
=016  7\$aCAT10906234$2DNAL
=035  \\$a695977
=070  0\$a281.2$bB721
=072  \0$aE200
=072  \0$aE500
=072  \0$aE200
=072  \0$aE500
=049  \\$aAGLL
=100  1\$aBranson, E. C.$q(Eugene Cunningham),$d1861-1933.
=245  10$aFarm prosperity in Forsyth,$bthe city and the country end of the problem.$cAddress by Dr. E.C. Branson.
=260  \\$aWinston-Salem,$bBoard of Trade,$c1917.
=300  \\$a29 pages$c16 cm
=336  \\$atext$btxt$2rdacontent
=337  \\$aunmediated$bn$2rdamedia
=338  \\$avolume$bnc$2rdacarrier
=650  \3$arural sociology$9auto-assigned by category code
=650  \3$arural economics$9auto-assigned by category code
=650  \3$amicroeconomics$9auto-assigned by category code
=650  \3$afarm management$9auto-assigned by category code
=650  \3$aagricultural economics$9auto-assigned by category code
=930  \\$a20220409$b00000000$c00000000
=946  \\$aOther US
=959  \\$a$c2022/04/09$ecmartinez$gupgrade

