=LDR  01336cam a22003972i 4500
=001  688517
=005  20220509083510.0
=008  950228s1929\\\\xx\\\\\\\\\\\s000\0\eng\d
=035  \\$a(OCoLC)ocm71076145
=035  \\$a688517
=040  \\$aAGL$beng$cAGL$dOCLCQ$dOCLCO$dAGL
=016  7\$aCAT10737961$2DNAL
=043  \\$an-us-ok
=070  0\$a31.3$bOk45
=072  \0$aJ700
=049  \\$aAGLL
=110  2\$aOklahoma A & M College.$bDepartment of Agricultural Economics.
=245  10$aSystems of farming in Oklahoma.
=264  \1$aStillwater, Oklahoma :$bOklahoma Agricultural and Mechanical College, Agricultural Experiment Station,$c1929.
=300  \\$apt. 1- ;$c28 cm
=336  \\$atext$btxt$2rdacontent
=337  \\$aunmediated$bn$2rdamedia
=338  \\$avolume$bnc$2rdacarrier
=490  1\$aExperiment Station bulletin / Oklahoma Agricultural Experiment Station
=546  \\$aText in English.
=500  \\$aCover title.
=504  \\$aIncludes bibliographical references.
=650  \0$aFarm management$zOklahoma.
=650  \0$aAgricultural systems$zOklahoma.
=650  \3$asoil science
=650  \3$asoil management
=650  \3$acrop management
=830  \0$aBulletin (Oklahoma Agricultural Experiment Station)
=930  \\$a20220509$b00000000$c00000000
=946  \\$aOther US
=959  \\$a$c2022/05/08$ecmartinez$gupgrade

