=LDR  01202cam a22003491i 4500
=001  697186
=005  20220417083515.0
=008  950313s1934\\\\fi\b\\\\\\\\\\000\0\fin\d
=035  \\$a(OCoLC)ocm12364626
=035  \\$a697186
=040  \\$aCLU$beng$cCLU$dOCLCQ$dOCLCF$dOCLCQ$dOCLCO$dOCLCA$dOCLCQ$dAGL
=016  7\$aCAT10697186$2DNAL
=043  \\$ae-fi---
=070  0\$a284.2$bW66
=049  \\$aAGLL
=072  \0$aE100
=100  1\$aWillandt, O. W.
=242  04$aThe decline of Finnish agriculture, mainly at the end of 1932.$yeng
=245  10$aSuomen maatalouden verkaantuminen, lähinnä vuoden 1932 lopussa. /$cO. W. Willandt
=264  \1$aHelsingissä,$bPellervo-seura,$c1934.
=300  \\$a67 pages$bfolded maps
=336  \\$atext$btxt$2rdacontent
=337  \\$aunmediated$bn$2rdamedia
=338  \\$avolume$bnc$2rdacarrier
=490  0\$aPellervo-seuran markkinat utkimuslaitoksen. Julkaisuja
=650  \0$aAgricultural credit$zFinland.
=650  \3$aagricultural economics.
=650  \7$aAgricultural credit.$2fast$0(OCoLC)fst00800626
=651  \7$aFinland.$2fast$0(OCoLC)fst01205503
=930  \\$a20220417$b00000000$c00000000
=946  \\$aNon-US
=959  \\$a$c2022/04/15$ecmartinez$gupgrade


