=LDR  01570cam a22003973i 4500
=001  686908
=005  20220817180008.0
=008  950216s1913\\\\bl\\\\\\\\\\\f000\0\por\d
=035  \\$a(OCoLC)ocm71075664
=035  \\$a686908
=040  \\$aAGL$beng$cAGL$dOCLCO$dOCLCQ$dOCLCO$dAGL
=043  \\$as-bl---
=016  7\$aCAT10924534$2DNAL
=070  0\$a75$bB732
=072  \0$aF110
=049  \\$aAGLL
=100  1\$aCastro Sobrinho, Antonio Ribeiro de.
=242  14$aThe English potato and its culture.$yeng
=245  12$aA batata inglêsa e a sua cultura /$cAntionio Ribeiro de Castro Sobrinho
=260  \\$aRio de Janeiro,$bTypographia do Servico de Estatística,$c1913.
=300  \\$a12 pages
=336  \\$atext$btxt$2rdacontent
=337  \\$aunmediated$bn$2rdamedia
=338  \\$avolume$bnc$2rdacarrier
=490  1\$aBrazil, 1889-, republic. Agricultura, Industria e Commercio, Ministerio da
=650  \0$aPotato industry$zBrazil.
=650  \0$aPotato industry$xSocial aspects$zBrazil.
=650  \3$aplant cultural practices$9auto-assigned by category code
=650  \3$ahorticulture$9auto-assigned by category code
=650  \3$ahorticultural crops$9auto-assigned by category code
=650  \3$acrop production$9auto-assigned by category code
=710  1\$aBrazil.$bMinistério da Agricultura, Indústria e Comércio.$bServiço de Informações e Divulgação.
=830  \0$aBrazil, 1889-, republic. Agricultura, Industria e Commercio, Ministerio da
=930  \\$a20220817$b00000000$c00000000
=946  \\$aNon-US
=959  \\$a$c2022/08/11$ecmartinez$gupgrade


