=LDR  01369cam a2200385Mi 4500
=001  691572
=005  20220904180012.0
=008  950309s1932\\\\xx\\\\\\\\\\\\000\0\ger\d
=035  \\$a(OCoLC)on1289155930
=035  \\$a691572
=040  \\$aAGL$beng$cAGL$dAGL
=016  7\$aCAT10942171$2DNAL
=070  0\$a280.359$bV88
=072  \0$aE700
=072  \0$aQ004
=049  \\$aAGLL
=100  1\$aVoltmer, Walter.
=242  14$aThe interventions of the state in the existing sales conditions of the grain industry with special consideration of the rye problem /$cWalter Voltmer.$yeng
=245  14$aDie der eingriffe des staates in die bestehenden absatzverhältnisse der getreidewirtschaft unter besonderer berücksichtigung des roggenproblems /$cWalter Voltmer.
=260  \\$c1932.
=300  \\$a64 p.
=502  \\$aMünchen, Technische Hochschule., Dissertation., 1932.
=650  \0$aGrain trade$xAccounting.
=650  \0$aGrain$xMarketing.
=650  \3$aplant-based foods.
=650  \3$afield crops.
=650  \3$amarketing.
=650  \3$adistribution (economics)
=650  \3$aagricultural economics.
=650  \3$aagribusiness.
=650  \7$aGrain$xMarketing.$2fast$0(OCoLC)fst00945946
=650  \7$aGrain trade$xAccounting.$2fast$0(OCoLC)fst00946069
=930  \\$a20220904$b00000000$c00000000
=946  \\$aNon-US
=959  \\$a$c2022/09/04$ecmartinez$gupgrade


