=LDR  01973cam a2200457Ma 4500
=001  706590
=005  20220412083511.0
=008  950315s1938\\\\dcu\\\\\\\\\\f000\0\eng\d
=035  \\$a(OCoLC)ocm39251455
=035  \\$a706590
=040  \\$aUAF$beng$cUAF$dAGL$dOCLCQ$dOCLCF$dOCLCQ$dOCLCO$dOCLCA$dAGL
=016  7\$aCAT10706590$2DNAL
=043  \\$an-us-ak
=070  0\$a173.2$bN214Ex
=072  \0$aX800
=049  \\$aAGLL
=245  00$aExpenditures and receipts of federal bureaus and agencies in the territory of Alaska, for the fiscal years 1928 to 1937, inclusive /$ccompiled by Robert W. Hartley.
=260  \\$aWashington [D.C.] :$bNational Resources Committee,$c[1938]
=300  \\$a21 leaves ;$c27 cm
=336  \\$atext$btxt$2rdacontent
=337  \\$aunmediated$bn$2rdamedia
=338  \\$avolume$bnc$2rdacarrier
=500  \\$a"June 1938."
=500  \\$a"Preliminary compilation - subject to revision."
=500  \\$a"The National Resources Committee assumes no responsibility for the data herein presented. The tabulations were made by the compiler from official statements made to the Committee by the various federal bureaus and agencies concerned."
=500  \\$a"28812."
=590  \\$aPrepared in connection with Regional planning, pt. VII Alaska. 173.2 N214Rp pt.7 c.v.
=650  \3$asociology$9auto-assigned by category code
=650  \3$aeducation$9auto-assigned by category code
=650  \3$aculture and humanities$9auto-assigned by category code
=651  \0$aAlaska$xAppropriations and expenditures.
=650  \0$aBudget$zAlaska.
=650  \7$aBudget.$2fast$0(OCoLC)fst00840336
=650  \7$aExpenditures, Public.$2fast$0(OCoLC)fst00918345
=651  \7$aAlaska.$2fast$0(OCoLC)fst01204480
=700  1\$aHartley, Robert W.
=710  1\$aUnited States.$bNational Resources Committee.
=930  \\$a20220412$b00000000$c00000000
=945  \\$aexpenditures territory alaska
=946  \\$aOther US
=959  \\$a$c2022/04/11$ecmartinez$gupgrade

