=LDR  02238cam a2200505Mi 4500
=001  692143
=005  20220421180014.0
=008  950310s1934\\\\xx\\\\\\\\\\\s000\0\eng\d
=035  \\$a(OCoLC)ocm71078162
=035  \\$a692143
=040  \\$aAGL$beng$cAGL$dOCLCQ$dOCLCO$dOCLCA$dAGL
=016  7\$aCAT10906702$2DNAL
=070  0\$a281.344$bP38 1934
=072  \0$aQ001
=072  \0$aE700
=072  \0$aT000
=049  \\$aAGLL
=110  2\$aPennsylvania State College.$bDepartment of Agricultural Economics.
=245  14$aThe distribution and consumption of milk in Allegheny county, Pennsylvania /$cT.K. Cowden and C.G. Gifford.
=264  \1$aState College :$bPennsylvania State College, Agricultural Experiment Station,$c1923.
=300  \\$a16 leaves.
=336  \\$atext$btxt$2rdacontent
=337  \\$aunmediated$bn$2rdamedia
=338  \\$avolume$bnc$2rdacarrier
=490  1\$aPennsylvania State College. Agricultural Experiment Station. Technical paper,$vno. 641
=500  \\$aAt head of title: The Pennsylvania State College Agricultural Experiment Station, Department of Agricultural Economics.
=650  \0$aMilk trade$zPennsylvania$zAllegheny County.
=650  \0$aMilk consumption$zPennsylvania$zAllegheny County.
=650  \7$aMilk consumption.$2fast$0(OCoLC)fst01021673
=650  \7$aMilk trade.$2fast$0(OCoLC)fst01021713
=650  \3$ahuman nutrition$9auto-assigned by category code
=650  \3$amarketing$9auto-assigned by category code
=650  \3$adistribution (economics)$9auto-assigned by category code
=650  \3$aagricultural economics$9auto-assigned by category code
=650  \3$aagribusiness$9auto-assigned by category code
=650  \3$adairy products$9auto-assigned by category code
=650  \3$aanimal-based foods$9auto-assigned by category code
=651  \7$aPennsylvania$zAllegheny County.$2fast$0(OCoLC)fst01209250
=700  1\$aCowden, Thomas Kyle,$d1908-
=700  1\$aGifford, C. G.
=710  2\$aPennsylvania State College.$bDepartment of Agricultural Economics.
=830  \0$aTechnical paper (Pennsylvania State College. Agricultural Experiment Station) ;$vno. 614.
=930  \\$a20220421$b00000000$c00000000
=946  \\$aOther US
=959  \\$a$c2022/04/21$ecmartinez$gupgrade

