=LDR  02585cam a22005057  4500
=001  700713
=005  20220825083507.0
=008  950314s1931\\\\dcu\\\\\\\\\\f000\0\eng\d
=035  \\$a(OCoLC)ocm45870404
=035  \\$a700713
=040  \\$aNYP$beng$cNYP$dAGL$dOCLCQ$dOCLCO$dOCLCQ$dAGL
=016  7\$aCAT10909292$2DNAL
=043  \\$an-us---
=070  0\$a284.2$bUn363
=072  \0$aB200
=072  \0$aE200
=072  \0$aD500
=049  \\$aAGLL
=110  1\$aUnited States.$bCongress.$bSenate.$bCommittee on Appropriations.
=245  10$aRelief for farmers in drought or flood and storm stricken areas. :$bHearings before the Committee on Appropriations, United States Senate, Seventy-First Congress, third session, on H.J. res. 447, making an appropriation to carry out the provisions of the public resolution entitled "Joint resolution for the relief of farmers in the drought and/or storm stricken areas of the United States," approved December 20, 1930.
=260  \\$aWashington,$bUnited States Government Printing Office,$c1931.
=300  \\$aii, 17 pages ;$c8 volumes
=336  \\$atext$btxt$2rdacontent
=337  \\$aunmediated$bn$2rdamedia
=338  \\$avolume$bnc$2rdacarrier
=490  1\$aUnited States congressional serial set ;$vserial set no. 9326.
=500  \\$aHearings held January 5, 1931.
=650  \0$aAgricultural credit$zSouthern States.
=650  \0$aAgricultural credit$zUnited States.
=650  \3$alaws and regulations$9auto-assigned by category code
=650  \3$amicroeconomics$9auto-assigned by category code
=650  \3$afarm management$9auto-assigned by category code
=650  \3$aagricultural economics$9auto-assigned by category code
=650  \3$ameteorology and climatology$9auto-assigned by category code
=655  \3$aInternet resource
=700  1\$aHaugen, Gilbert Nelson,$d1859-1933.
=700  1\$aAswell, James B.$q(James Benjamin),$d1869-1931.
=776  08$iOnline version:$aUnited States. Congress. Senate. Committee on Appropriations.$tRelief for farmers in drought or flood and storm stricken areas.$dWashington, United States Govt. Prtg. Off., 1931$w(OCoLC)1010499855
=810  1\$aUnited States.$bCongress.$bHouse.$tReport ;$v71st Congress, no. 2123.
=830  \0$aUnited States congressional serial set ;$vserial set no. 9326.
=856  41$3Google$uhttp://books.google.com/books?id=Y6eVcnHV5Y8C
=856  41$3HathiTrust Digital Library$uhttp://catalog.hathitrust.org/api/volumes/oclc/45870404.html
=930  \\$a20220825$b00000000$c00000000
=946  \\$aOther US
=959  \\$a$c2022/08/20$ecmartinez$gupgrade

