=LDR  01571cam a2200457M  4500
=001  703521
=005  20220512142649.0
=008  950315s1891\\\\enk\\\\\\\\\\\000\0\eng\d
=035  \\$a(OCoLC)ocm79416677
=035  \\$a692962
=035  \\$a703521
=040  \\$aNLS$beng$cCUD$dUKV3G$dAGL$dOCLCQ
=016  7\$aCAT10931523$2DNAL
=019  \\$a59695598
=029  1\$aUNITY$b112872441
=070  0\$a200$bSch6
=072  \0$aX000
=049  \\$aAGLL
=100  1\$aScholl, Charles.
=245  12$aA phraseological dictionary of commercial correspondence in the English, German, French & Spanish languages ... /$cby Charles Scholl, assisted by George Macaulay, Louis Deglatigny, and J.R. Riesco.
=250  \\$a2nd ed.
=260  \\$aLiverpool,$c1891.
=300  \\$a1 volume$c8vo
=336  \\$atext$btxt$2rdacontent
=337  \\$aunmediated$bn$2rdamedia
=338  \\$avolume$bnc$2rdacarrier
=650  \0$aCommerce$vDictionaries.
=650  \0$aCommercial correspondence.
=650  \0$aEnglish language$vDictionaries$xPolyglot.
=650  \7$aCommerce.$2fast$0(OCoLC)fst00869279
=650  \7$aCommercial correspondence.$2fast$0(OCoLC)fst00869429
=650  \7$aEnglish language.$2fast$0(OCoLC)fst00910920
=650  \3$ainformation sources$9auto-assigned by category code
=655  \7$aDictionaries.$2fast$0(OCoLC)fst01423826
=700  1\$aMacaulay, George.
=700  1\$aDeglatigny, Louis.
=700  1\$aLópez Jonte, Manuel.
=700  1\$aRiesco, J. R.
=930  \\$a20220512$b00000000$c00000000
=946  \\$aOther US
=959  \\$a$c2022/04/06$ecmartinez$gupgrade


