=LDR  01902cam a2200493Ii 4500
=001  695368
=005  20220319083512.0
=008  950310s1927\\\\ja\\\\\\\b\\\\000\0\jpn\\
=010  \\$a   74817256 
=035  \\$a(OCoLC)ocm39124892
=035  \\$a695368
=040  \\$aDLC$beng$cYNH$dAGL$dOCLCG$dOCLCA$dOCLCF$dOCLCQ$dOCLCO$dOCLCA$dOCLCO
=016  7\$aCAT10942882$2DNAL
=029  1\$aAU@$b000043885674
=070  0\$a281$bN18No
=072  \0$aE500
=049  \\$aAGLL
=100  1\$6880-01$aNasu, Shiroshi,$d1888-1984.
=242  00$aRural problems and social ideas.
=245  10$6880-02$aNōson mondai to shakai risō /$cNasu Shiroshi cho.
=250  \\$6880-03$aZōteiban.
=260  \\$6880-04$a[Tōkyō] :$bIwanami Shoten,$c[Shōwa 2 i.e. 1927]
=300  \\$a2, 5, 486 pages ;$c20 cm
=336  \\$atext$btxt$2rdacontent
=337  \\$aunmediated$bn$2rdamedia
=338  \\$avolume$bnc$2rdacarrier
=504  \\$aIncludes bibliographical references.
=505  2\$6880-05$aFuroku: Nōson mondai no honshitsu o ronjite Fukuda Hakushi ni kotau: p. [413]-486.
=650  \0$aAgriculture and state.
=650  \0$aSociology, Rural.
=650  \7$aAgriculture and state.$2fast$0(OCoLC)fst00801722
=650  \7$aSociology, Rural.$2fast$0(OCoLC)fst01123947
=650  03$arural sociology
=650  03$arural economics
=700  1\$6880-06$aFukuda, Tokuzō,$d1874-1930.
=880  1\$6100-01$a那須皓,$d1888-1984.
=880  10$6245-02$a農村問題と社會理想 /$c那須皓著.
=880  \\$6250-03$a増訂版.
=880  \\$6260-04$a[東京] :$b岩波書店,$c[昭和2 i.e. 1927]
=880  2\$6505-05$a附錄: 農村問題の本質を論じて福田博士に答ふ: p. [413]-486.
=880  1\$6700-06$a福田德三,$d1874-
=930  \\$a20220319$b00000000$c00000000
=946  \\$aNon-US
=959  \\$a$c2022/03/19$ecmartinez$gupgrade


