=LDR  02016cam a22005057i 4500
=001  703483
=005  20220623083513.0
=008  950315s1936\\\\dcu\\\\\\\\\\f000\0\eng\d
=035  \\$a(OCoLC)ocm46489167
=035  \\$a703483
=040  \\$aOWU$beng$cOWU$dAGL$dWAU$dOCLCF$dOCLCQ$dOCLCO$dOCL$dWIH$dOCLCQ$dOCLCO$dAGL
=016  7\$aCAT10931452$2DNAL
=043  \\$anp-----
=070  0\$a195$bP72
=072  \0$aJ700
=072  \0$aB500
=072  \0$aE500
=049  \\$aAGLL
=245  05$a"The plow that broke the plains" :$ba documentary musical movie.
=264  \1$aWashington, D.C. :$bResettlement Administration :$bUnited States Government Printing Office,$c[1936?]
=300  \\$a1 folded sheet (5 unnumbered pages) ;$c24 cm
=336  \\$atext$btxt$2rdacontent
=337  \\$aunmediated$bn$2rdamedia
=338  \\$avolume$bnc$2rdacarrier
=500  \\$aCover title.
=500  \\$aA program folder.
=500  \\$a"16-5359"--Page [5].
=520  \\$aDiscusses and provides reviews of the motion picture originally produced in 1936.
=590  \\$aFor later ed. see same title under U.S. Farm Security Administration (1.95 P72).
=630  00$aPlow that broke the Plains (Motion picture)
=650  \3$arural sociology$9auto-assigned by category code
=650  \3$arural economics$9auto-assigned by category code
=650  \3$aagricultural history$9auto-assigned by category code
=650  \3$asoil science$9auto-assigned by category code
=650  \3$asoil management$9auto-assigned by category code
=650  \3$acrop management$9auto-assigned by category code
=651  \0$aGreat Plains$xEconomic conditions.
=651  \0$aGreat Plains$xSocial conditions.
=650  \7$aEconomic history.$2fast$0(OCoLC)fst00901974
=650  \7$aSocial conditions$2fast$0(OCoLC)fst01919811
=651  \7$aGreat Plains.$2fast$0(OCoLC)fst01240567
=710  1\$aUnited States.$bResettlement Administration.
=930  \\$a20220623$b00000000$c00000000
=946  \\$aOther US
=959  \\$a$c2022/06/23$ecmartinez$gupgrade

