=LDR  01027ctm a2200325Ma 4500
=001  698620
=005  20220512142649.0
=008  950313s1925\\\\xx\\\\\\\bm\\\000\0\eng\d
=035  \\$a(OCoLC)ocm44975142
=035  \\$a698620
=040  \\$aCGU$beng$cCGU$dOCLCQ$dAGL$dOCLCQ$dOCLCO$dOCLCF$dAGL
=016  7\$aCAT10909328$2DNAL
=070  0\$a284.2$bW632
=072  \0$aE100
=049  \\$aAGLL
=100  1\$aWickens, David Lawrence.
=245  10$aState farm loan policies since 1915.
=264  \0$c1925.
=300  \\$a1 volume :  212 leaves ;$c27 cm.
=336  \\$atext$btxt$2rdacontent
=337  \\$aunmediated$bn$2rdamedia
=338  \\$avolume$bnc$2rdacarrier
=502  \\$bM.A.$cUniversity of Chicago, Department of Political Economy
=504  \\$aIncludes bibliographical references.
=650  \3$aagricultural economics.
=655  \7$aAcademic theses.$2lcgft
=655  \7$aAcademic theses.$2fast$0(OCoLC)fst01726453
=930  \\$a20220512$b00000000$c00000000
=946  \\$aOther US
=959  \\$a$c2022/04/05$ecmartinez$gupgrade

