=LDR  02684cam a2200517Mi 4500
=001  701220
=005  20220720180105.0
=008  950314s1923\\\\xx\\\\\\\\\\\s000\0\eng\d
=035  \\$a(OCoLC)ocm71083771
=035  \\$a701220
=040  \\$aAGL$beng$cAGL$dOCLCO$dOCLCQ$dOCLCA$dHUL$dOCLCO$dAGL
=016  7\$aCAT10909996$2DNAL
=043  \\$an-us-ma
=070  0\$a284.4$bM383N
=072  \0$aQ002
=072  \0$aE700
=049  \\$aAGLL
=110  1\$aMassachusetts.$bSpecial Commission on the Necessaries of Life.
=245  10$aReport of the Special Commission on the Necessaries of Life relative to the retail marketing and distribution of meat products, the conditions affecting the prices of such products, and the establishment and maintenance of public slaughterhouses under chapter 34, Resolves of 1922 January, 1923.
=264  \1$aBoston :$bWright & Potter Print. Co., State Printers,$c1923.
=300  \\$a63 pages :$billustrations, tables, diagrams
=336  \\$atext$btxt$2rdacontent
=337  \\$aunmediated$bn$2rdamedia
=338  \\$avolume$bnc$2rdacarrier
=490  1\$a[General court, 1923] House. [Doc.] ;$v1130
=500  \\$aE.C. Hultman, chairman.
=650  \0$aMeat industry and trade$zMassachusetts.
=650  \0$aSlaughtering and slaughter-houses$zMassachusetts.
=650  \0$aLivestock$zMassachusetts.
=650  \7$aLivestock.$2fast$0(OCoLC)fst01000722
=650  \7$aMeat industry and trade.$2fast$0(OCoLC)fst01013271
=650  \7$aSlaughtering and slaughter-houses.$2fast$0(OCoLC)fst01120361
=650  \3$amarketing$9auto-assigned by category code
=650  \3$adistribution (economics)$9auto-assigned by category code
=650  \3$aagricultural economics$9auto-assigned by category code
=650  \3$aagribusiness$9auto-assigned by category code
=650  \3$ameat products$9auto-assigned by category code
=650  \3$aanimal-based foods$9auto-assigned by category code
=651  \7$aMassachusetts.$2fast$0(OCoLC)fst01204307
=700  1\$aHultman, Eugene Christian,$d1875.
=776  08$iOnline version:$aMassachusetts. Special Commission on the Necessaries of Life.$tReport of the Special Commission on the Necessaries of Life relative to the retail marketing and distribution of meat products, the conditions affecting the prices of such products, and the establishment and maintenance of public slaughterhouses under chapter 34, Resolves of 1922.$dBoston, Wright & Potter Print. Co., State Printers, 1923$w(OCoLC)573988403
=810  2\$aGeneral court, 1923.$bHouse.$tDoc. ;$v1130.
=930  \\$a20220720$b00000000$c00000000
=946  \\$aOther US
=959  \\$a$c2022/07/19$ecmartinez$gupgrade
=959  \\$a$c2022/02/16$eaxu$gupgrade

