=LDR  01677cam a2200421 a 4500
=001  697666
=005  20220527180023.0
=008  950313s1921\\\\wiuabeh\\\\\\\000\0\eng\d
=035  \\$a(OCoLC)ocm17718339
=035  \\$a697666
=040  \\$aWIH$beng$cWIH$dAGL$dOCLCQ$dOCLCF$dOCLCQ$dOCLCO$dOCLCQ
=016  7\$aCAT10908179$2DNAL
=043  \\$an-us-wi
=070  0\$a282.2$bW75
=072  \0$aE500
=072  \0$aE550
=049  \\$aAGLL
=245  00$aColonization and community development :$breport of progress /$cWisconsin Colonization Company.
=264  \1$a[Eau Claire, Wis.] :$b[The Company],$c[1921?]
=300  \\$a21 pages :$billustrations, maps, plan, facsimiles ;$c27 cm
=336  \\$atext$btxt$2rdacontent
=337  \\$aunmediated$bn$2rdamedia
=338  \\$avolume$bnc$2rdacarrier
=500  \\$aOn cover: Colonization and community development / W.N. Clark.
=650  \0$aAgriculture$zWisconsin$zSawyer County.
=650  \3$arural development$9auto-assigned by category code
=650  \3$arural sociology$9auto-assigned by category code
=650  \3$arural economics$9auto-assigned by category code
=650  \7$aAgriculture.$2fast$0(OCoLC)fst00801355
=650  \7$aTravel.$2fast$0(OCoLC)fst01155558
=651  \0$aSawyer County (Wis.)$xDescription and travel.
=651  \7$aWisconsin$zSawyer County.$2fast$0(OCoLC)fst01215939
=700  1\$aClark, W. N.$q(William Noble)
=710  2\$aWisconsin Colonization Company.
=776  08$iOnline version:$tColonization and community development.$d[Eau Claire, Wis. : The Company, 1921?]$w(OCoLC)615133968
=930  \\$a20220527$b00000000$c00000000
=946  \\$aOther US
=959  \\$a$c2022/05/27$ecmartinez$gupgrade

