=LDR  01323cam a2200421 i 4500
=001  695916
=005  20220523083513.0
=008  950310s1935\\\\hiua\\\\\\\\\\000\0\eng\d
=035  \\$a(OCoLC)ocm42924105
=035  \\$a695916
=040  \\$aNYP$beng$cNYP$dOCL$dAGL$dOCLCQ$dAGL
=016  7\$aCAT10906172$2DNAL
=043  \\$an-us-hi
=070  0\$a281.1995$bM58
=072  \0$aE200
=072  \0$aE500
=049  \\$aAGLL
=072  \0$aE200
=072  \0$aE500
=100  1\$aMidkiff, Frank Elbert,$d1887-
=245  12$aA plan for improving the economic and social life of the people of the Waialua district, Oahu, T.H. /$cby Frank E. Midkiff.
=264  \1$aHonolulu, T.H.,$c1935?
=300  \\$aviii, 65 fol. including tables ;$c28 cm
=336  \\$atext$btxt$2rdacontent
=337  \\$aunmediated$bn$2rdamedia
=500  \\$aReproduced from typewritten copy.
=590  \\$aAddendum: Progress report March 39, 1935: I.61-65.
=650  \3$arural sociology.
=650  \3$arural economics.
=650  \3$amicroeconomics.
=650  \3$afarm management.
=650  \3$aagricultural economics.
=651  \0$aHawaii$xSocial conditions.
=651  \0$aHawaii$xEconomic conditions.
=650  \0$aEducation$zHawaii$zOahu.
=930  \\$a20220523$b00000000$c00000000
=946  \\$aNon-US
=959  \\$a$c2022/05/22$ecmartinez$gupgrade

