=LDR  01035cam a22003371i 4500
=001  690496
=005  20220415083507.0
=008  950309nuuuuuuuuxx\\\\\\\\\\\s000\0\eng\d
=016  7\$aCAT10903551$2DNAL
=035  \\$a(OCoLC)ocm71077106
=035  \\$a690496
=040  \\$aAGL$beng$cAGL$dOCLCQ$dOCLCO$dAGL
=016  7\$aCAT10690496$2DNAL
=070  0\$a280.359$bC71
=072  \0$aQ004
=072  \0$aQ114
=049  \\$aAGLL
=110  2\$aColorado Agricultural Experiment Station.$bDepartment of Economics and Sociology.
=245  12$aA study of the adequacy of wheat storage in Colorado ... :$bFebruary, 1931.
=300  \\$a41 leaves.
=336  \\$atext$btxt$2rdacontent
=337  \\$aunmediated$bn$2rdamedia
=338  \\$avolume$bnc$2rdacarrier
=650  \0$aWheat$xStorage.
=650  \0$aFood$xStorage.
=650  \3$aplant-based foods.
=650  \3$afield crops.
=650  \3$afood storage$9auto-assigned by category code
=930  \\$a20220415$b00000000$c00000000
=946  \\$aOther US
=959  \\$a$c2022/04/14$ecmartinez$gupgrade

