=LDR  01693cam a2200445Mi 4500
=001  692154
=005  20220722180008.0
=008  950310s1933\\\\pau\\\\\\\\\\s000\0\eng\d
=035  \\$a(OCoLC)ocm71078173
=035  \\$a692154
=040  \\$aAGL$beng$cAGL$dOCLCQ$dOCLCO$dOCLCA$dAGL
=016  7\$aCAT10906709$2DNAL
=070  0\$a281.344$bP38So
=049  \\$aAGLL
=072  \0$aQ001
=072  \0$aE700
=100  0\$aCowden, T. K.$q(Thomas Kyle)
=245  10$aSome current problems in the Philadelphia milk market /$cT.K. Cowden.
=260  \\$c1933.
=300  \\$a32 leaves.
=336  \\$atext$btxt$2rdacontent
=337  \\$aunmediated$bn$2rdamedia
=338  \\$avolume$bnc$2rdacarrier
=650  \0$aMilk supply$zPennsylvania$zPhiladelphia.
=650  \0$aMilk consumption$zPennsylvania$zPhiladelphia.
=650  \0$aInventory shortages$zPennsylvania$zPhiladelphia.
=650  \7$aInventory shortages.$2fast$0(OCoLC)fst00978089
=650  \7$aMilk consumption.$2fast$0(OCoLC)fst01021673
=650  \7$aMilk supply.$2fast$0(OCoLC)fst01021705
=651  \7$aPennsylvania$zPhiladelphia.$2fast$0(OCoLC)fst01204170
=650  \3$amarketing$9auto-assigned by category code
=650  \3$adistribution (economics)$9auto-assigned by category code
=650  \3$aagricultural economics$9auto-assigned by category code
=650  \3$aagribusiness$9auto-assigned by category code
=650  \3$adairy products$9auto-assigned by category code
=650  \3$aanimal-based foods$9auto-assigned by category code
=710  2\$aPennsylvania State College.$bDepartment of Agricultural Economics.
=930  \\$a20220722$b00000000$c00000000
=946  \\$aOther US
=959  \\$a$c2022/07/22$ecmartinez$gupgrade

