=LDR  01648cam a2200481 i 4500
=001  701699
=005  20220406180016.0
=008  950314s1934\\\\xx\\\\\\\m\\\\000\0\ger\d
=035  \\$a(OCoLC)on1289012333
=035  \\$a701699
=040  \\$aAGL$beng$cAGL$dAGL
=016  7\$aCAT10972427$2DNAL
=070  0\$a285.350$bSt4
=072  \0$aE700
=072  \0$aQ002
=049  \\$aAGLL
=072  \0$aE700
=072  \0$aQ002
=100  1\$aSternal, Franz.$eauthor
=242  00$aAbout the influence of cattle and meat duties on cattle and meat prices in the home country.$yeng
=245  10$aUeber den Einfluss der Vieh- und Fleischzölle auf die Vieh- und Fleischpreise im Inlande /$cFranz Sternal
=264  \1$aHalle [, Argonnenstr. 5]$bAkademie Verlag,$c1934
=300  \\$a97 pages
=336  \\$atext$btxt$2rdacontent
=337  \\$aunmediated$bn$2rdamedia
=338  \\$avolume$bnc$2rdacarrier
=502  \\$bdoctoral$cMartin-Luther-Universitat Halle-Wittenberg
=650  \3$ameat products.
=650  \3$aanimal-based foods.
=650  \3$amarketing.
=650  \3$adistribution (economics)
=650  \3$aagricultural economics.
=650  \3$aagribusiness.
=650  \0$aPrices$zGermany.
=650  \0$aMeat industry and trade$zGermany.
=650  \0$aLivestock$zGermany.
=650  \0$aTariff$zGermany.
=655  \7$aAcademic theses.$2fast$0(OCoLC)fst01726453
=655  \7$aAcademic theses.$2lcgft
=856  41$3HathiTrust Digital Library, Limited view (search only)$uhttp://catalog.hathitrust.org/api/volumes/oclc/23617456.html
=930  \\$a20220406$b00000000$c00000000
=946  \\$aNon-US
=959  \\$a$c2022/04/06$ecmartinez$gupgrade


