=LDR  02048cam a2200493Mu 4500
=001  698328
=005  20220417083516.0
=008  950313s1933\\\\xxu\\\\\\\\\\f000\0\eng\d
=016  7\$aCAT10698328$2DNAL
=035  \\$a(OCoLC)ocm79723279
=035  \\$a698328
=040  \\$aSTF$beng$cSTF$dOCLCO$dOCLCQ$dAGL
=016  7\$aCAT10698328$2DNAL
=070  0\$a284$bUn36To
=072  \0$aX700
=072  \0$aD500
=049  \\$aAGLL
=110  1\$aUnited States.$bCongress.$bSenate.$bBanking and Currency Committee.
=245  10$aTo amend the Emergency and Construction Act of 1932, hearings before a Subcoommitte of ... 73-1, on S. 509 ..., April 19, 20, and May 8, 1933.
=260  \\$c1933.
=300  \\$aillustrations, 72 pages.
=336  \\$atext$btxt$2rdacontent
=337  \\$aunmediated$bn$2rdamedia
=338  \\$avolume$bnc$2rdacarrier
=500  \\$aAt head of title: League of Virginia Municipalities, Richmond.
=500  \\$aOn p. 2: "The above information is given for the benefit of any Virginia cities or towns which may like to take advantage of the provisions of the Federal Relief Bill. ..."
=610  20$aReconstruction Finance Corporation.
=610  27$aReconstruction Finance Corporation.$2fast$0(OCoLC)fst00536265
=650  \3$alaws and regulations$9auto-assigned by category code
=650  \3$amarket analysis$9auto-assigned by category code
=650  \3$aeconomics$9auto-assigned by category code
=651  \0$aUnited States$xEconomic policy$xLaw and legislation.
=650  \0$aPublic works$zVirginia$xHistory.
=650  \0$aCities and towns$zVirginia.
=651  \0$aVirginia$xHistory.
=650  \7$aCities and towns.$2fast$0(OCoLC)fst00861748
=650  \7$aPublic works.$2fast$0(OCoLC)fst01083369
=651  \7$aUnited States.$2fast$0(OCoLC)fst01204155
=651  \7$aVirginia.$2fast$0(OCoLC)fst01204597
=655  \7$aHistory.$2fast$0(OCoLC)fst01411628
=710  2\$aLeague of Virginia Municipalities.
=930  \\$a20220417$b00000000$c00000000
=946  \\$aOther US
=959  \\$a$c2022/04/16$ecmartinez$gupgrade

