=LDR  01785cam a2200445Mi 4500
=001  688303
=005  20221002083618.0
=008  950224s1893\\\\mau\\\\\\\\\\\000\0\eng\d
=035  \\$a(OCoLC)ocm82905423
=035  \\$a688303
=040  \\$aHLS$beng$cHLS$dOCLCG$dOCLCQ$dOCLCF$dOCLCO$dOCLCQ$dOCLCO$dAGL
=016  7\$aCAT106883032$2DNAL
=070  0\$a98$bM31L
=072  \0$aP300
=072  \0$aF110
=049  \\$aAGLL
=100  1\$aManning, Warren H.$q(Warren Henry),$d1860-1938.
=245  10$aLandscape gardening :$ba paper read before the Massachusetts Horticultural Society January 21, 1883 /$cby Warren H. Manning.
=260  \\$aBoston, Massachusetts. :$bThe Society,$c1893.
=300  \\$a16 pages ;$c24 cm
=336  \\$atext$btxt$2rdacontent
=337  \\$aunmediated$bn$2rdamedia
=338  \\$avolume$bnc$2rdacarrier
=500  \\$a"From Transactions of the Massachusetts Horticultural Society.
=650  \0$aLandscape gardening.
=650  \0$aLandscape architecture.
=650  \7$aLandscape architecture.$2fast$0(OCoLC)fst00991814
=650  \7$alandscape gardening.$2aat$0(CStmoGRI)aat300054708
=650  \7$aLandscape gardening.$2fast$0(OCoLC)fst00991916
=650  \3$aplant cultural practices$9auto-assigned by category code
=650  \3$ahorticulture$9auto-assigned by category code
=650  \3$ahorticultural crops$9auto-assigned by category code
=650  \3$acrop production$9auto-assigned by category code
=650  \3$anatural resources$9auto-assigned by category code
=650  \3$aland resources$9auto-assigned by category code
=650  \3$aland management$9auto-assigned by category code
=710  2\$aMassachusetts Horticultural Society.
=930  \\$a20221002$b00000000$c00000000
=946  \\$aOther US
=959  \\$a$c2022/09/28$ecmartinez$gupgrade

