=LDR  02070cam a22004933  4500
=001  706584
=005  20220824180009.0
=008  950315s1939\\\\dcua\\\\\s\\\f000\0\eng\\
=010  \\$a   40026143 
=035  \\$a(OCoLC)ocm13848096
=035  \\$a706584
=040  \\$aDLC$beng$cTNS$dAGL$dSTF$dOCLCF$dOCLCQ$dOCLCO$dOCLCA$dOCLCO$dOCLCQ$dAGL
=016  7\$aCAT10930512$2DNAL
=029  1\$aAU@$b000027191804
=043  \\$an-us-tn
=070  0\$a173.2$bN212T
=072  \0$aA000
=072  \0$aE100
=072  \0$aX700
=049  \\$aAGLL
=100  1\$aMiles, Amy Brown.
=245  10$aTennessee economic information. :$bA statistical narrative of agriculture, business, industry, employment, and general economic conditions. /$cPrepared by Amy Brown Miles, Tennessee State Director for the Office of Government Reports.
=260  \\$a[Washington?],$c[1939]
=300  \\$a2 preliminary leaves, 28 leaves :$bincluding tables ;$c27 cm
=336  \\$atext$btxt$2rdacontent
=337  \\$aunmediated$bn$2rdamedia
=338  \\$avolume$bnc$2rdacarrier
=500  \\$aCover title.
=650  \0$aAgriculture$xEconomic aspects$zTennessee.
=650  \3$amarket analysis$9auto-assigned by category code
=650  \3$aeconomics$9auto-assigned by category code
=650  \3$aagricultural economics$9auto-assigned by category code
=650  \3$aagriculture$9auto-assigned by category code
=651  \0$aTennessee$xEconomic conditions.
=650  \7$aAgriculture$xEconomic aspects.$2fast$0(OCoLC)fst00801415
=650  \7$aEconomic history.$2fast$0(OCoLC)fst00901974
=651  \7$aTennessee.$2fast$0(OCoLC)fst01205353
=655  \3$aInternet resource
=710  1\$aUnited States.$bOffice of Government Reports.
=776  08$iOnline version:$aUnited States. Office of Government Reports.$tTennessee economic information.$d[Washington?] [1939]$w(OCoLC)1087493579
=856  40$3HathiTrust Digital Library$uhttp://catalog.hathitrust.org/api/volumes/oclc/13848096.html
=930  \\$a20220824$b00000000$c00000000
=946  \\$aOther US
=959  \\$a$c2022/08/24$ecmartinez$gupgrade

