=LDR  02170cam a22004573i 4500
=001  707368
=005  20220607083518.0
=008  950316s1890\\\\fr\\\\\\\\\\\\000\0\eng\d
=035  \\$a(OCoLC)ocn557817526
=035  \\$a707368
=040  \\$aUKMGB$beng$cUKMGB$dOCLCQ$dUKMGB$dOCL$dAGL
=016  7\$aCAT10931610$2DNAL
=041  \\$aeng$afre
=070  0\$a203$bC61N
=072  \0$aX000
=049  \\$aAGLL
=100  1\$aClifton, E.$q(Ebenezer),$d1805-
=242  00$a[New English-French and French-English dictionary]$bWork completely revised and considerably enlarged, New edition, revised and corrected$yeng
=245  10$a[Nouveau dictionnaire anglais-français et français-anglais]$bOuvrage entièrement refondu et considérablement augmenté, Nouvelle édition, revue et corrigée. /$cpar E. Clinton, J. McLaughlin and Adrien Grimaux.
=250  \\$aNouveau édition revue et corrigée avec supplément = New edition revised and corrected with supplement /$bpar J. McLaughlin.
=264  \1$aParis :$bGarnier Frères,$c[1923?]
=300  \\$a2 volumes, xiv, 1062 pages :$billustrations (chiefly color) ;$c28 cm
=336  \\$atext$btxt$2rdacontent
=337  \\$aunmediated$bn$2rdamedia
=338  \\$avolume$bnc$2rdacarrier
=650  \0$aFrench language$vDictionaries$xFrench-English.
=650  \0$aEnglish language$vDictionaries$xEnglish-French.
=650  \0$aFrench language$vDictionaries.
=650  \0$aEnglish language$vDictionaries.
=650  \3$ainformation sources.
=650  \7$aLingua inglese$xdizionario inglese-francese.$2sbt
=650  \7$aLingua francese$xdizionario francese-inglese.$2sbt
=650  \7$aFrench language.$2fast$0(OCoLC)fst00934333
=650  \7$aEnglish language.$2fast$0(OCoLC)fst00910920
=655  \7$aDictionaries.$2fast$0(OCoLC)fst01423826
=700  1\$aMcLaughlin, J.
=700  1\$aGrimaux, Adrien.
=787  0\$tDictionnaire anglais-français et français-anglais composé sur un plan nouveau, etc. (A New Dictionary of the French and English languages, etc.).$d2 vol. Paris, 1876, 81. 8°.$w(Uk)MP1.0000764041
=930  \\$a20220607$b00000000$c00000000
=946  \\$aOther US
=959  \\$a$c2022/06/05$ecmartinez$gupgrade


