=LDR  01823cam a2200457Mi 4500
=001  692152
=005  20220510083511.0
=008  950310s1933\\\\xx\\\\\\\\\\\s000\0\eng\d
=035  \\$a(OCoLC)ocm71078171
=043  \\$an-us-pa
=035  \\$a692152
=040  \\$aAGL$beng$cAGL$dOCLCQ$dOCLCO$dOCLCA$dAGL
=016  7\$aCAT10906708$2DNAL
=070  0\$a281.344$bP38S
=072  \0$aQ001
=072  \0$aE700
=049  \\$aAGLL
=110  2\$aPennsylvania State College.$bDepartment of Agricultural Economics.
=245  10$aSharon, Farrell and Sharpsville milk market /$cT.K. Cowden.
=260  \\$c1933.
=300  \\$a11 p.
=490  1\$aBulletin / Pennsylvania State University, College of Agriculture, Agricultural Experiment Station ;$v614.
=650  \0$aMilk trade$zPennsylvania$zSharon.
=650  \0$aMilk trade$zPennsylvania$zFarrell.
=650  \0$aMilk trade$zPennsylvania$zSharpsville.
=650  \7$aMilk trade.$2fast$0(OCoLC)fst01021713
=650  \3$amarketing$9auto-assigned by category code
=650  \3$adistribution (economics)$9auto-assigned by category code
=650  \3$aagricultural economics$9auto-assigned by category code
=650  \3$aagribusiness$9auto-assigned by category code
=650  \3$adairy products$9auto-assigned by category code
=650  \3$aanimal-based foods$9auto-assigned by category code
=651  \7$aPennsylvania$zFarrell.$2fast$0(OCoLC)fst01250908
=651  \7$aPennsylvania$zSharon.$2fast$0(OCoLC)fst01221835
=651  \7$aPennsylvania$zSharpsville.$2fast$0(OCoLC)fst01253719
=700  1\$aCowden, T. K.$q(Thomas Kyle),$d1908-
=700  1\$aGifford, C. G.
=830  \0$aBulletin (Pennsylvania State University. Agricultural Experiment Station) ;$vno. 614.
=930  \\$a20220510$b00000000$c00000000
=946  \\$aOther US
=959  \\$a$c2022/05/10$ecmartinez$gupgrade

