=LDR  01239cam a22003497  4500
=001  697274
=005  20220520180015.0
=008  950313s1934\\\\wau\\\\\\\\\\\000\0\eng\d
=035  \\$a(OCoLC)ocm18340388
=035  \\$a697274
=040  \\$aWAU$beng$cWAU$dOCLCQ$dAGL$dOCLCF$dOCLCQ$dOCLCO$dOCLCA$dOCLCQ$dOCLCO$dAGL
=016  7\$aCAT10907643$2DNAL
=043  \\$an-us-wa
=070  0\$a282$bW273
=072  \0$aP300
=049  \\$aAGLL
=110  1\$aWashington (State).$bOffice of Commissioner of Public Lands.
=245  10$aState lands; a circular of general information and procedure ...
=260  \\$aOlympia, Wash.,$bState Printing Plant,$c1934.
=300  \\$a8 pages
=336  \\$atext$btxt$2rdacontent
=337  \\$aunmediated$bn$2rdamedia
=338  \\$avolume$bnc$2rdacarrier
=650  \0$aPublic lands$zWashington (State)
=650  \7$aPublic lands.$2fast$0(OCoLC)fst01082573
=650  \3$anatural resources$9auto-assigned by category code
=650  \3$aland resources$9auto-assigned by category code
=650  \3$aland management$9auto-assigned by category code
=651  \7$aWashington (State)$2fast$0(OCoLC)fst01204703
=930  \\$a20220520$b00000000$c00000000
=946  \\$aOther US
=959  \\$a$c2022/04/24$ecmartinez$gupgrade

