=LDR  02141cam a22005173  4500
=001  697118
=005  20220608083513.0
=008  950313s1920\\\\ilu\\\\\\\\\\\000\0\eng\d
=035  \\$a(OCoLC)ocm49453319
=035  \\$a697118
=040  \\$aCGU$beng$cCGU$dOCLCQ$dAGL$dOCLCQ$dOCLCF$dOCLCQ$dOCLCO$dOCLCA$dAGL
=016  7\$aCAT10907483$2DNAL
=043  \\$an-us-il
=070  0\$a282$bIl6
=072  \0$aE110
=049  \\$aAGLL
=110  1\$aIllinois.$bFarm Commission.
=245  10$aReport of Illinois Farm Commission to the governor$b<Printed by authority of the state of Illinois.>
=260  \\$a[Springfield],$b[Schnepp & Barnes, printers],$c[1920]
=300  \\$a28 pages$c23 cm
=336  \\$atext$btxt$2rdacontent
=337  \\$aunmediated$bn$2rdamedia
=338  \\$avolume$bnc$2rdacarrier
=500  \\$aOn cover: December 15, 1920.
=500  \\$aCharles Adkins, chairman.
=650  \0$aAgriculture$zIllinois.
=650  \0$aFarms$zIllinois.
=650  \0$aLand use$zIllinois.
=650  \7$aAgriculture.$2fast$0(OCoLC)fst00801355
=650  \7$aFarms.$2fast$0(OCoLC)fst00921422
=650  \7$aLand use.$2fast$0(OCoLC)fst00991472
=650  \3$amacroeconomics$9auto-assigned by category code
=650  \3$aland use$9auto-assigned by category code
=650  \3$aland management$9auto-assigned by category code
=650  \3$aeconomics$9auto-assigned by category code
=651  \7$aIllinois.$2fast$0(OCoLC)fst01205143
=655  \3$aInternet resource
=700  1\$aAdkins, Charles.
=776  08$iOnline version:$aIllinois. Farm Commission.$tReport of Illinois Farm Commission to the governor ..$d[Springfield], [Schnepp & Barnes, printers], [1920]$w(OCoLC)1139865236
=856  41$3HathiTrust Digital Library$uhttp://catalog.hathitrust.org/api/volumes/oclc/49453319.html
=856  41$3Internet Archive$uhttps://archive.org/details/reportofillinois00illi_0
=856  41$3Internet Archive$uhttps://archive.org/details/reportofillinois00illi_1
=856  41$3Open Library$uhttps://openlibrary.org/books/OL27904096M
=930  \\$a20220608$b00000000$c00000000
=946  \\$aOther US
=959  \\$a$c2022/06/07$ecmartinez$gupgrade

