=LDR  01881cam a2200481Mi 4500
=001  688453
=005  20220805083506.0
=008  950227s1914\\\\caua\\\\\\\\\\000\0\eng\d
=035  \\$a(OCoLC)ocm19424338
=035  \\$a688453
=040  \\$aMNP$beng$cMNP$dAGL$dOCLCG$dOCLCQ$dOCLCF$dOCLCQ$dOCLCO$dAGL
=016  7\$aCAT10891264$2DNAL
=043  \\$an-us-ca
=070  0\$a93.21$bW63C Ed.7
=072  \0$aF110
=049  \\$aAGLL
=100  1\$aWickson, Edward J.$q(Edward James),$d1848-1923.
=245  10$aCalifornia fruits and how to grow them.
=250  \\$a7th ed., rev.
=264  \1$aSan Francisco :$bPacific Rural Press,$c1914.
=300  \\$a513 pages :$billustrations ;$c24 cm
=336  \\$atext$btxt$2rdacontent
=337  \\$aunmediated$bn$2rdamedia
=338  \\$avolume$bnc$2rdacarrier
=650  \0$aFruit.
=650  \0$aFruit-culture.
=650  \0$aFruit-culture$zCalifornia.
=650  \7$afruit.$2aat$0(CStmoGRI)aat300011868
=650  \7$aFruit.$2fast$0(OCoLC)fst00935548
=650  \7$aFruit-culture.$2fast$0(OCoLC)fst00935739
=650  \3$aplant cultural practices$9auto-assigned by category code
=650  \3$ahorticulture$9auto-assigned by category code
=650  \3$ahorticultural crops$9auto-assigned by category code
=650  \3$acrop production$9auto-assigned by category code
=653  \\$aFruit
=653  \\$a(DNLM)D005638
=655  \3$aInternet resource
=776  08$iOnline version:$aWickson, Edward J. (Edward James), 1848-1923.$tCalifornia fruits and how to grow them.$b7th ed., rev.$dSan Francisco : Pacific Rural Press, 1914$w(OCoLC)866568163
=856  41$3Google$uhttp://books.google.com/books?id=V1o-AQAAMAAJ
=856  41$3HathiTrust Digital Library, Full view$uhttp://catalog.hathitrust.org/api/volumes/oclc/19424338.html
=930  \\$a20220805$b00000000$c00000000
=946  \\$aOther US
=959  \\$a$c2022/08/05$ecmartinez$gupgrade

