=LDR  00924cam a2200313Mi 4500
=001  704453
=005  20220406180017.0
=008  950315s1928\\\\xx\a\\\\\\\\\f000\0\eng\d
=035  \\$a(OCoLC)ocm71085904
=035  \\$a704453
=040  \\$aAGL$beng$cAGL$dOCLCQ$dOCLCO$dAGL
=016  7\$aCAT10939882$2DNAL
=070  0\$a290$bEg9
=072  \0$aP200
=049  \\$aAGLL
=072  \0$aP200
=110  1\$aEgypt.$bWizārat al-Ashghāl al-ʻUmūmīyah.$bDelta Barrage Research Work.
=245  14$aThe discharge of pipes /$cby A.D. Butcher
=264  \1$c1928.
=300  \\$a44 pages :$billustrations ;$c27 cm
=300  \\$a44 p. :$billustrations ;$c27 cm.
=336  \\$atext$btxt$2rdacontent
=337  \\$aunmediated$bn$2rdamedia
=650  \3$awater resources.
=650  \3$awater management.
=650  \3$anatural resources.
=930  \\$a20220406$b00000000$c00000000
=946  \\$aNon-US
=959  \\$a$c2022/04/06$ecmartinez$gupgrade


