=LDR  01789cam a2200445Ii 4500
=001  708502
=005  20220812083506.0
=008  950316s1937\\\\dcu\\\\\\\\\\f000\0\eng\d
=035  \\$a(OCoLC)ocm71088550
=035  \\$a708502
=040  \\$aAGL$beng$erda$cAGL$dOCLCO$dOCLCQ$dCOD$dOCLCF
=016  7\$aCAT10901452$2DNAL
=070  0\$a157.55$bR31
=072  \0$aQ004
=072  \0$aE700
=086  0\$aC 18.2:Su 3/2
=049  \\$aAGLL
=100  1\$aNemir, Albert S.,$eauthor.
=245  10$aRetail and wholesale prices of refined sugar in 22 selected consuming countries /$cby Albert S. Namir.
=264  \1$a[Washington, D.C.] :$bDepartment of Commerce, Bureau of Foreign and Domestic Commerce, Foodstuffs Division,$c1937.
=300  \\$a2 preliminary leaves, 8 pages ;$c27 cm
=336  \\$atext$btxt$2rdacontent
=337  \\$aunmediated$bn$2rdamedia
=338  \\$avolume$bnc$2rdacarrier
=500  \\$a"April 1937."
=500  \\$aCover title.
=500  \\$aAt head of title: Department of commerce ... Bureau of foreign and domestic commerce ...
=500  \\$aPrepared in the Foodstuffs division.
=650  \0$aSugar$xPrices.
=650  \7$aSugar$xPrices.$2fast$0(OCoLC)fst01137305
=650  \3$amarketing$9auto-assigned by category code
=650  \3$adistribution (economics)$9auto-assigned by category code
=650  \3$aagricultural economics$9auto-assigned by category code
=650  \3$aagribusiness$9auto-assigned by category code
=650  \3$aplant-based foods$9auto-assigned by category code
=650  \3$afield crops$9auto-assigned by category code
=710  1\$aUnited States.$bBureau of Foreign and Domestic Commerce.$bFoodstuffs Division,$eissuing body.
=930  \\$a20220812$b00000000$c00000000
=946  \\$aOther US
=959  \\$a$c2022/08/11$ecmartinez$gupgrade

