=LDR  01667cam a2200445Ia 4500
=001  698902
=005  20220522083521.0
=008  950313s1929\\\\gw\\\\\\\bm\\\000\0\ger\d
=040  \\$aEWF$beng$cEWF$dOCLCQ$dAGL$dOCLCF$dOCLCQ$dOCLCO$dOCLCQ$dOCLCO$dOCL$dOCLCO$dAGL
=035  \\$a(OCoLC)ocm48149321
=035  \\$a698902
=016  7\$aCAT10972132$2DNAL
=043  \\$ae-gx---
=070  0\$a282.2$bW14
=072  \0$aE110
=049  \\$aAGLL
=100  1\$aWalbaum, Heinrich,$d1888-
=242  00$aThoughts on German settlement in the present.$yeng
=245  10$aGedanken zur deutschen Siedlung in der Gegenwart /$cHeinrich Walbaum.
=260  \\$aMünster i. Westfalia. :$bDruck :$bC.J. Fahle,$c[1929?]
=300  \\$a153 pages ;$c21 cm
=336  \\$atext$btxt$2rdacontent
=337  \\$aunmediated$bn$2rdamedia
=338  \\$avolume$bnc$2rdacarrier
=500  \\$a"Aus der Philosophischen Fakultät der Universität Leipzig."
=502  \\$bPh. D.$cUniversität Leipzig$d1929
=500  \\$aVita.
=504  \\$aIncludes bibliographical references (pages 147-153).
=650  \0$aAgricultural colonies$zGermany.
=650  \7$aAgricultural colonies.$2fast$0(OCoLC)fst00800583
=650  \3$amacroeconomics$9auto-assigned by category code
=650  \3$aland use$9auto-assigned by category code
=650  \3$aland management$9auto-assigned by category code
=650  \3$aeconomics$9auto-assigned by category code
=651  \7$aGermany.$2fast$0(OCoLC)fst01210272
=655  \7$aAcademic theses.$2fast$0(OCoLC)fst01726453
=655  \7$aAcademic theses.$2lcgft
=930  \\$a20220522$b00000000$c00000000
=946  \\$aNon-US
=959  \\$a$c2022/05/22$ecmartinez$gupgrade


