=LDR  01857cam a22004211i 4500
=001  707865
=005  20220510083511.0
=008  950316m19111923gw\\\\\\\d\\\\000\0\ger\\
=010  \\$a   11017687 
=035  \\$a707865
=035  \\$a(OCoLC)ocm71088183
=040  \\$aAGL$beng$cAGL$dOCLCQ$dAGL
=016  7\$aCAT10971014$2DNAL
=041  0\$ager$arum
=070  0\$a207$bT18
=072  \0$aX000
=049  \\$aAGLL
=100  1\$aPop, Ghiță.
=242  00$aPocket dictionary of the Romanian and German languages;$bwith indication of the pronunciation according to the phonetic system of the Toussaint-Langenscheidt method.$yeng
=245  10$aTaschenwörterbuch der rumänischen und deutschen sprache$bMit Angabe der Aussprache nach dem phonetischen System der Methode Toussaint-Langenscheidt. /$cVon prof. dr. Ghiţă Pop.
=264  \1$aBerlin-Schoneberg :$bLangenscheidt,$c[©1911-23].
=300  \\$a2 volumes ;$c16 cm.
=336  \\$atext$btxt$2rdacontent
=337  \\$aunmediated$bn$2rdamedia
=338  \\$avolume$bnc$2rdacarrier
=490  1\$aToussaint-Langenscheid method.
=650  \0$aRomanian language$vDictionaries$xGerman.
=650  \0$aGerman language$vDictionaries$xRomanian.
=650  \7$aGerman language.$2fast$0(OCoLC)fst00941408
=650  \7$aRomanian language.$2fast$0(OCoLC)fst01099963
=650  \3$ainformation sources$9auto-assigned by category code
=655  \7$aDictionaries.$2fast$0(OCoLC)fst01423826
=776  08$iOnline version:$aPop, Ghiță.$tTaschenwörterbuch der rumänischen und deutschen sprache.$dBerlin-Schoneberg, Langenscheidt [©1911-23]$w(OCoLC)988160560
=830  \0$aToussaint-Langenscheid method.
=856  41$3HathiTrust Digital Library$uhttp://catalog.hathitrust.org/api/volumes/oclc/3645298.html
=930  \\$a20220510$b00000000$c00000000
=946  \\$aNon-US
=959  \\$a$c2022/05/10$ecmartinez$gupgrade


