=LDR  01672cam a2200433Ii 4500
=001  690960
=005  20220512083512.0
=008  950309s1945\\\\nyu\\\\\\\\\\\000\0\eng\d
=010  \\$a   46000667 
=035  \\$a(OCoLC)ocm02972000
=035  \\$a690960
=040  \\$aZXC$beng$cZXC$dOCLCQ$dAGL$dOCLCQ$dOCLCF$dOCLCO$dOCLCQ$dOCLCA$dPAU$dCEF$dAGL
=016  7\$aCAT10904100$2DNAL
=019  \\$a1156051520
=029  1\$aNZ1$b4279437
=029  1\$aNZ1$b811363
=070  0\$a280.6$bR66 1946
=072  \0$aX800
=049  \\$aAGLL
=100  1\$aRomney, G. Ott$q(George Ottinger),$d1892-1973.
=245  10$aOff the job living :$ba modern concept of recreation and its place in the postwar world /$cby G. Ott Romney.
=260  \\$aNew York :$bA.S. Barnes,$c1945.
=300  \\$a232 pages ;$c24 cm
=336  \\$atext$btxt$2rdacontent
=337  \\$aunmediated$bn$2rdamedia
=338  \\$avolume$bnc$2rdacarrier
=490  1\$aNRPA recreation and park perspective collection.
=583  1\$acommitted to retain$c20170930$d20421231$fHathiTrust$uhttps://www.hathitrust.org/shared_print_program$5PU
=650  \0$aRecreation.
=650  \0$aHobbies.
=650  \7$aHobbies.$2fast$0(OCoLC)fst00958515
=650  \7$aRecreation.$2fast$0(OCoLC)fst01091713
=655  \3$aInternet resource
=776  08$iOnline version:$aRomney, G. Ott.$tOff the job living.$dNew York : A.S. Barnes, 1945$w(OCoLC)556309450
=830  \0$aNRPA recreation and park perspective collection.
=856  41$3HathiTrust Digital Library$uhttp://catalog.hathitrust.org/api/volumes/oclc/217017856.html
=930  \\$a20220512$b00000000$c00000000
=946  \\$aOther US
=959  \\$a$c2022/05/11$ecmartinez$gupgrade

