=LDR  01117cam a2200313Mi 4500
=001  693046
=005  20220406180016.0
=008  950310s1934\\\\xx\\\\\\\\\\\\000\0\ger\d
=035  \\$a(OCoLC)on1289013852
=035  \\$a693046
=040  \\$aAGL$beng$cAGL$dAGL
=016  7\$aCAT10971697$2DNAL
=024  7\$aU 34.7689$2local
=070  0\$a281.175$bSch3
=072  \0$aE100
=049  \\$aAGLL
=072  \0$aE100
=100  1\$aSchladebach, Friedrich.
=242  04$aSoil cultivation in 1913 in the districts of Ballenstedt, Bernburg, Cöthen, Dessau, Zerbst, Calbe and the County of Wernigerode.$yeng
=245  14$aDer Bodenanbau im Jahre 1913 in den Kreisen Ballenstedt, Bernburg, Cöthen, Dessau, Zerbst, Calbe und Grafschaft Wernigerode /$cFriedrich Schladebach.
=264  \1$aBraunschweig :$bHunold,$c1934.
=300  \\$a76 pages.
=336  \\$atext$btxt$2rdacontent
=337  \\$aunmediated$bn$2rdamedia
=338  \\$avolume$bnc$2rdacarrier
=650  \3$aagricultural economics$9auto-assigned by category code
=930  \\$a20220406$b00000000$c00000000
=946  \\$aNon-US
=959  \\$a$c2022/04/06$ecmartinez$gupgrade


