=LDR  02343cam a2200553Ia 4500
=001  708051
=005  20220825083507.0
=008  950316s1930\\\\dcu\\\\\\f\\\f000\0\eng\\
=035  \\$a(OCoLC)ocm52323750
=035  \\$a708051
=040  \\$aCBU$beng$cCBU$dOCLCQ$dAGL$dOCLCQ$dOCLCF$dOCLCO$dOCLCA$dOCLCQ$dOCL$dOCLCO$dAGL
=016  7\$aCAT10900996$2DNAL
=043  \\$an-us---
=070  0\$a157.4$bC15Cou
=072  \0$aX700
=049  \\$aAGLL
=130  0\$aCensus of the United States (1930).$pUnemployment.
=245  10$aFifteenth census :$bcoding instructions for the unemployment schedule /$cU.S. Department of Commerce. Bureau of the Census, Washington.
=246  30$aCoding instructions for the unemployment schedule
=246  30$aUnemployment schedule
=246  3\$aCoding instructions for the unemployment schedule
=246  3\$aUnemployment schedule
=250  \\$aRev.
=260  \\$aWashington :$bU.S. Govt. Print. Off.,$c1930.
=300  \\$a23 pages ;$c24 cm
=336  \\$atext$btxt$2rdacontent
=337  \\$aunmediated$bn$2rdamedia
=338  \\$avolume$bnc$2rdacarrier
=500  \\$aAt head of title: U.S. Department of Commerce. Bureau of the Census, Washington.
=500  \\$a"15-424a."
=500  \\$aCover title.
=588  0\$aOnline version record.
=630  00$aCensus of the United States (1930).$pUnemployment$xOfficials and employees$vHandbooks, manuals, etc.
=650  \0$aUnemployment$zUnited States.
=650  \3$amarket analysis$9auto-assigned by category code
=650  \3$aeconomics$9auto-assigned by category code
=651  \0$aUnited States$vCensus, 1930.
=650  \7$aEmployees.$2fast$0(OCoLC)fst00909111
=650  \7$aUnemployment.$2fast$0(OCoLC)fst01161213
=651  \7$aUnited States.$2fast$0(OCoLC)fst01204155
=648  \7$a1930$2fast
=655  \7$aCensus data.$2fast$0(OCoLC)fst01411644
=655  \7$aHandbooks and manuals.$2fast$0(OCoLC)fst01423877
=710  1\$aUnited States.$bBureau of the Census.
=776  08$iOnline version:$aCensus of the United States (1930). Unemployment.$tFifteenth census.$dWashington : U.S. Govt. Print. Off., 1930$w(OCoLC)891566772
=856  40$3HathiTrust Digital Library$uhttp://catalog.hathitrust.org/api/volumes/oclc/5119998.html
=930  \\$a20220825$b00000000$c00000000
=946  \\$aOther US
=959  \\$a$c2022/08/24$ecmartinez$gupgrade

