=LDR  01906ctm a22004817i 4500
=001  698980
=005  20220825083507.0
=008  950313s1930\\\\xx\\\\\\\m\\\\000\0\ger\d
=035  \\$a(OCoLC)ocn843370886
=035  \\$a698980
=040  \\$aZAP$beng$cZAP$dOCLCQ$dOCLCO$dOCLCF$dOCLCO$dAGL
=016  7\$aCAT10972240$2DNAL
=070  0\$a284.2$bF11
=072  \0$aE100
=049  \\$aAGLL
=100  1\$aFabian, Friedrich.
=242  14$aThe indebtedness of German agriculture before and after the war.$yeng
=245  14$aDie Verschuldung der deutschen Landwirtschaft vor und nach dem Kriege /$cFriedrich Fabian.
=264  \1$aBarby :$bKropp,$c1930.
=300  \\$a130 pages, [1]sheet ;$c23 cm
=336  \\$atext$btxt$2rdacontent
=337  \\$aunmediated$bn$2rdamedia
=338  \\$avolume$bnc$2rdacarrier
=502  \\$bdoctoral$cUniversitat Leipzig
=502  \\$aThesis (doctoral)--Universitat Leipzig.
=650  \0$aAgriculture$zGermany.
=650  \0$aAgricultural credit$zGermany.
=650  \0$aAgriculture$xEconomic aspects.
=650  \3$aagricultural economics$9auto-assigned by category code
=650  \7$aAgricultural credit.$2fast$0(OCoLC)fst00800626
=650  \7$aAgriculture.$2fast$0(OCoLC)fst00801355
=650  \7$aAgriculture$xEconomic aspects.$2fast$0(OCoLC)fst00801415
=651  \7$aGermany.$2fast$0(OCoLC)fst01210272
=655  \7$amasters theses.$2aat$0(CStmoGRI)aatgf300077723
=655  \7$adissertations.$2aat$0(CStmoGRI)aatgf300028029
=655  \7$atheses.$2aat$0(CStmoGRI)aatgf300028028
=655  \7$adoctoral dissertations.$2aat$0(CStmoGRI)aatgf300312076
=655  \7$aAcademic theses.$2fast$0(OCoLC)fst01726453
=655  \7$aAcademic theses.$2lcgft
=856  41$3HathiTrust Digital Library, Limited Search$uhttps://babel.hathitrust.org/cgi/pt?id=uc1.b2632777
=930  \\$a20220825$b00000000$c00000000
=946  \\$aNon-US
=959  \\$a$c2022/08/24$ecmartinez$gupgrade

