=LDR  01841cam a2200445Ia 4500
=001  687400
=005  20220421083513.0
=008  860618s1894\\\\gw\f\\\\\\\\\\001\0\ger\d
=016  7\$aCAT11026998$2DNAL
=035  \\$a(OCoLC)ocm13746702
=035  \\$a687400
=040  \\$aANS$beng$cANS$dOCL$dANS$dAGL$dGZM$dOCLCQ$dAGL
=070  0\$a428$bB38
=072  \0$aL000
=072  \0$aL001
=049  \\$aAGLL
=100  1\$aBecker, Th.$q(Theodor),$d1840-1928.
=245  10$aRevision der gattung Chilosia Meigen /$cTh. Becker ; mit 13 tafeln nr. XI-XXIII.
=260  \\$aHalle :$b[Deutsche Akademie der Naturforscher Leopoldina],$c1984.
=300  \\$a[2] leaves, [199]-521 pages (327 pages), plates no. XI-XIII ;$c32 cm
=336  \\$atext$btxt$2rdacontent
=337  \\$aunmediated$bn$2rdamedia
=338  \\$avolume$bnc$2rdacarrier
=490  1\$aNova acta der Ksl. Leop.-Carol. deutschen akademie der naturforscher.$vmit 13 tafeln nr. XI-XXIII.
=500  \\$aIncludes index.
=500  \\$aCopy 2: Amer. Ent. Soc. QL5.D166 v.62.
=504  \\$a"Litteratur": pages 11-12.
=650  \0$aCheilosia.
=650  \7$aCheilosia.$2fast$0(OCoLC)fst00852777
=650  \3$aentomology$9auto-assigned by category code
=650  \3$aarthropods$9auto-assigned by category code
=650  \3$aanimal science$9auto-assigned by category code
=653  \0$aChilosia Meigen.
=655  \3$aInternet resource
=773  1\$7p1aa$aNova acta der Ksl. Leop.-Carol. deutschen akademie der naturforscher.$dHalle, 1894$gBd. 62 no. 3$w(OCoLC)1566347
=830  \0$aNova Acta der Ksl. Leop.-Carol. Deutschen Akademie der Naturforscher ;$vmit 13 tafeln nr. XI-XXIII.
=856  40$3Biodiversity Heritage Library$uhttps://www.biodiversitylibrary.org/title/10472$70
=930  \\$a20220421$b00000000$c00000000
=946  \\$aNon-US
=959  \\$a$c2022/04/20$ecmartinez$gupgrade

