=LDR  01107cam a2200373Mi 4500
=001  698793
=005  20220825083507.0
=008  950313s1929\\\\xx\\\\\\\\\\\\000\0\ger\d
=035  \\$a(OCoLC)on1289092728
=035  \\$a698793
=040  \\$aAGL$beng$cAGL$dAGL
=016  7\$aCAT10971964$2DNAL
=070  0\$a282$bH19
=072  \0$aE110
=049  \\$aAGLL
=100  1\$aHanefeld, Alfred Kurt,$d1900-
=242  04$aThe history of German agricultural property..$yeng
=245  14$aDie geschichte des deutschen landwirtschaftlichen grundeigentums.
=264  \1$aMeissen ;$c1930.
=300  \\$a229 p. ;$c22 cm.
=336  \\$atext$btxt$2rdacontent
=337  \\$aunmediated$bn$2rdamedia
=338  \\$avolume$bnc$2rdacarrier
=340  \\$m8vo.$2rdabf
=650  \3$amacroeconomics.
=650  \3$aland use.
=650  \3$aland management.
=650  \3$aeconomics.
=650  \0$aLand tenure$zGermany.
=650  \7$aLand tenure.$2fast$0(OCoLC)fst00991362
=651  \7$aGermany.$2fast$0(OCoLC)fst01210272
=930  \\$a20220825$b00000000$c00000000
=946  \\$aNon-US
=959  \\$a$c2022/03/26$ecmartinez$gupgrade

