=LDR  01571cam a22004093i 4500
=001  688457
=005  20220526083521.0
=008  950227s1916\\\\gw\\\\\\\bm\\\000\0\ger\d
=035  \\$a(OCoLC)ocm45191590
=035  \\$a688457
=040  \\$aYUS$beng$cYUS$dOCLCQ$dAGL$dKRTAS$dOCLCQ$dOCLCO$dOCLCF$dOCLCQ$dOCLCO$dAGL
=016  7\$aCAT11053376$2DNAL
=070  0\$a99.04$bF52
=072  \0$aB500
=072  \0$aK001
=049  \\$aAGLL
=100  1\$aFischer, Franz.
=242  00$aHistory of the kammergut forests in the Principality of Schwarzburg-Sondershausen.$yeng
=245  10$aGeschichte der Kammergutsforsten im Fürstentum Schwarzburg-Sondershausen /$cFranz Fischer.
=264  \1$aArnstadt,$c[1916]
=300  \\$a118 pages : 3 maps ; 8" + 3 cards
=336  \\$atext$btxt$2rdacontent
=337  \\$aunmediated$bn$2rdamedia
=338  \\$avolume$bnc$2rdacarrier
=502  \\$aInaugural-Dissertation.--Technische Hochschule-Karlsruhe.
=504  \\$a"Quellenangabe", p. [7-8]
=650  \0$aForests and forestry$zGermany$zSchwarzburg-Sondershausen.
=650  \7$aForests and forestry.$2fast$0(OCoLC)fst00932632
=650  \3$aforestry$9auto-assigned by category code
=650  \3$aagricultural history$9auto-assigned by category code
=651  \7$aGermany.$2fast$0(OCoLC)fst01210272
=655  \7$aAcademic theses.$2fast$0(OCoLC)fst01726453
=655  \7$aAcademic theses.$2lcgft
=655  \7$aThèses et écrits académiques.$2rvmgf$0(CaQQLa)RVMGF-000001173
=930  \\$a20220526$b00000000$c00000000
=946  \\$aNon-US
=959  \\$a$c2022/05/25$ecmartinez$gupgrade


