=LDR  01835cem a2200421Ia 4500
=001  697273
=005  20220426180013.0
=008  950313s1933\\\\wau\\\\\\\a\\s\\0\\\eng\d
=035  \\$a(OCoLC)ocm71081263
=035  \\$a697273
=040  \\$aAGL$beng$cAGL$dWAU$dOCLCQ$dOCLCO$dNTE$dOCLCO$dAGL
=016  7\$aCAT10907642$2DNAL
=070  0\$a282$bW272
=072  \0$aE110
=049  \\$aAGLL
=110  2\$aState College of Washington.$bDepartment of Farm Management and Agricultural Economics.
=245  10$aMajor land uses, Washington /$cprepared by Dept. of Farm Management and Agricultural Economics, Agricultural Experiment Station, State College of Washington ; in cooperation with Bureau of Agricultural Economics, United States Dept. of Agriculture, 1933.
=255  \\$aScale [1:506,880]. 1 in. = 8 miles.
=260  \\$a[Pullman] :$b[State College of Washington],$c[1933]
=300  \\$a1 volume :$b1 map ;$c76 x 114 cm
=336  \\$atext$btxt$2rdacontent
=337  \\$aunmediated$bn$2rdamedia
=338  \\$avolume$bnc$2rdacarrier
=500  \\$aShows land used for farming and national forests.
=500  \\$aShows counties and townships and ranges.
=650  \0$aLand use$zWashington (State)$vMaps.
=650  \3$amacroeconomics$9auto-assigned by category code
=650  \3$aland use$9auto-assigned by category code
=650  \3$aland management$9auto-assigned by category code
=650  \3$aeconomics$9auto-assigned by category code
=651  \0$aWashington (State)$vMaps.
=650  \7$aLand use.$2fast$0(OCoLC)fst00991472
=651  \7$aWashington (State)$2fast$0(OCoLC)fst01204703
=655  \7$aMaps.$2fast$0(OCoLC)fst01423704
=710  1\$aUnited States.$bBureau of Agricultural Economics.
=930  \\$a20220426$b00000000$c00000000
=946  \\$aState experiment station
=959  \\$a$c2022/04/25$ecmartinez$gupgrade

