=LDR  02477ctm a22005777a 4500
=001  701568
=005  20220620083515.0
=008  950314s1932\\\\gw\\\\\\\m\\\\000\0\ger\d
=035  \\$a(OCoLC)ocn843306681
=035  \\$a701568
=040  \\$aZAP$beng$cZAP$dOCLCQ$dOCLCO$dOCLCF$dAGL$dOCLCO$dAGL
=016  7\$aCAT10972354$2DNAL
=041  \\$ager$beng
=043  \\$ae-gx---
=070  0\$a284.359$bM74
=072  \0$aE700
=072  \0$aQ004
=049  \\$aAGLL
=100  1\$aMönkemeyer, Hilde,$d1907-
=242  10$aProblems of the free or tied grain economy, especially in Germany.$yeng
=245  10$aProbleme der freien oder gebundenen getreidewirtschaft, insbesondere in Deutschland /$cHilde Mönkemeyer.
=264  \1$aBerlin-Charlottenburg Schillerstrasse. 44 :$bGebr. Hoffmann,$c1932.
=300  \\$a100 pages
=336  \\$atext$btxt$2rdacontent
=337  \\$aunmediated$bn$2rdamedia
=338  \\$avolume$bnc$2rdacarrier
=502  \\$bdoctoral$cFriedrich-Wilhelms-Universitat, Berlin
=650  \0$aGrain$zGermany$xHistory.
=650  \0$aGrain$zGermany$xMarketing.
=650  \3$aplant-based foods.
=650  \7$aGrain.$2fast$0(OCoLC)fst00945891
=650  \7$aGrain$xMarketing.$2fast$0(OCoLC)fst00945946
=650  \3$afield crops$9auto-assigned by category code
=650  \3$amarketing$9auto-assigned by category code
=650  \3$adistribution (economics)$9auto-assigned by category code
=650  \3$aagricultural economics$9auto-assigned by category code
=650  \3$aagribusiness$9auto-assigned by category code
=651  \7$aGermany.$2fast$0(OCoLC)fst01210272
=655  \7$adoctoral dissertations.$2aat$0(CStmoGRI)aatgf300312076
=655  \7$atheses.$2aat$0(CStmoGRI)aatgf300028028
=655  \7$adissertations.$2aat$0(CStmoGRI)aatgf300028029
=655  \7$amasters theses.$2aat$0(CStmoGRI)aatgf300077723
=655  \7$aHistory.$2fast$0(OCoLC)fst01411628
=655  \7$aAcademic theses.$2fast$0(OCoLC)fst01726453
=655  \7$aAcademic theses.$2lcgft
=655  \7$aThèses et écrits académiques.$2rvmgf$0(CaQQLa)RVMGF-000001173
=776  08$iOnline version:$aMonkemeyer, Hilde, 1907-$tProbleme der freien oder gebundenen Getreidewirtschaft, insbesondere in Deutschland.$d1932$w(OCoLC)908810596
=856  41$3HathiTrust Digital Library, Limited view (search only)$uhttp://catalog.hathitrust.org/api/volumes/oclc/843306681.html
=930  \\$a20220620$b00000000$c00000000
=946  \\$aNon-US
=959  \\$a$c2022/06/17$ecmartinez$gupgrade


