=LDR  01531cam a2200457Mi 4500
=001  690687
=005  20220710083503.0
=008  950309s1933\\\\xx\b\\\\\\\\\\000\0\eng\d
=035  \\$a(OCoLC)ocm71077254
=035  \\$a690687
=040  \\$aAGL$beng$cAGL$dOCLCQ$dAGL
=016  7\$aCAT10903743$2DNAL
=070  0\$a280.372$bAn2
=072  \0$aE700
=072  \0$aQ004
=049  \\$aAGLL
=110  2\$aAnderson, Clayton & Co.
=245  10$aMaps of the ports designated by the New York Cotton Exchange as delivery points for the tender of cotton on contract.
=260  \\$c1933.
=300  \\$a1 page :$b8 maps
=336  \\$atext$btxt$2rdacontent
=337  \\$aunmediated$bn$2rdamedia
=338  \\$avolume$bnc$2rdacarrier
=610  20$aNew York Cotton Exchange$vMaps.
=650  \0$aCotton trade$zUnited States$vMaps.
=650  \0$aCotton trade$zNew York (State)$zNew York$vMaps.
=610  27$aNew York Cotton Exchange.$2fast$0(OCoLC)fst00613186
=650  \7$aCotton trade.$2fast$0(OCoLC)fst00881080
=651  \7$aNew York (State)$zNew York.$2fast$0(OCoLC)fst01204333
=651  \7$aUnited States.$2fast$0(OCoLC)fst01204155
=650  \3$aplant-based foods.
=650  \3$afield crops.
=650  \3$amarketing.
=650  \3$adistribution (economics)
=650  \3$aagricultural economics.
=650  \3$aagribusiness.
=655  \7$aMaps.$2fast$0(OCoLC)fst01423704
=930  \\$a20220710$b00000000$c00000000
=946  \\$aOther US
=959  \\$a$c2022/07/10$ecmartinez$gupgrade
=959  \\$a$c2022/02/25$ecmartinez$gupgrade

