=LDR  01310cam a2200397I  4500
=001  701615
=005  20220409083509.0
=008  950314s1941\\\\iluak\\\\\\\\\000\0\eng\\
=010  \\$a   41004187 
=035  \\$a(OCoLC)ocm03103077
=035  \\$a701615
=040  \\$aDLC$beng$cOCP$dOCLCQ$dAGL$dOCLCG$dSTF$dOCLCF$dOCLCO$dOCLCQ$dOCLCO
=016  7\$aCAT10910306$2DNAL
=029  1\$aAU@$b000008423181
=029  1\$aHEBIS$b217464718
=070  0\$a284.6$bM27P 1945
=072  \0$aE110
=072  \0$aX700
=072  \0$aE110
=072  \0$aX700
=049  \\$aAGLL
=100  1\$aMagee, John Henry,$d1895-1961.
=245  10$aProperty insurance,$cby John H. Magee.
=260  \\$aChicago,$bR.D. Irwin,$c1941.
=300  \\$axv, 800 pages$billustrations, forms (some folded)$c24 cm
=336  \\$atext$btxt$2rdacontent
=337  \\$aunmediated$bn$2rdamedia
=338  \\$avolume$bnc$2rdacarrier
=500  \\$a"First printing, January 1941."
=504  \\$a"Selected references" at end of each chapter.
=650  \0$aInsurance.
=650  \7$aInsurance.$2fast$0(OCoLC)fst00974532
=776  08$iOnline version:$aMagee, John Henry, 1895-1961.$tProperty insurance.$dChicago, R.D. Irwin, 1941$w(OCoLC)616676747
=930  \\$a20220409$b00000000$c00000000
=946  \\$aOther US
=959  \\$a$c2022/04/09$ecmartinez$gupgrade

