=LDR  02175cam a22005057i 4500
=001  707436
=005  20220705180009.0
=008  950316s1927\\\\ja\\\\\\\d\\\\000\0\eng\\
=010  \\$a   42031718 
=035  \\$a(OCoLC)ocm46821626
=035  \\$a707436
=040  \\$aNHN$beng$cNHN$dOCLCQ$dAGL$dOCLCG$dZAP$dOCLCF$dOCLCO$dOCLCQ$dOCLCO$dOCLCQ$dOCLCA$dDHA$dOCLCQ$dOCLCO$dAGL
=016  7\$aCAT10931683$2DNAL
=041  0\$aeng$ajpn
=070  0\$a208$bOk1
=072  \0$aX000
=072  \0$aX000
=084  \\$aPLJ646$2z
=049  \\$aAGLL
=245  00$6880-01$aKenkyusha's new English-Japanese dictionary on bilingual principles =$bShin Ei-Wa daijiten /$cOkakura Yoshisaburo, general editor.
=246  31$6880-02$aShin Ei-Wa daijiten
=250  \\$aAn entirely new ed.
=264  \1$aTokyo :$bKenkyusha,$c[1936]
=300  \\$aiii, ix, 2514 pages ;$c20 cm
=336  \\$atext$btxt$2rdacontent
=337  \\$aunmediated$bn$2rdamedia
=338  \\$avolume$bnc$2rdacarrier
=650  \0$aEnglish language$vDictionaries$xJapanese.
=650  \0$aJapanese$vDictionaries$xPolyglot.
=650  \0$aDictionaries, Polyglot.
=650  \7$aEnglish language.$2fast$0(OCoLC)fst00910920
=650  \3$ainformation sources$9auto-assigned by category code
=655  \7$apolyglot dictionaries.$2aat$0(CStmoGRI)aatgf300026216
=655  \7$aMultilingual dictionaries.$2fast$0(OCoLC)fst01985357
=655  \7$aDictionaries.$2fast$0(OCoLC)fst01423826
=655  \7$aMultilingual dictionaries.$2lcgft
=655  \7$aDictionnaires multilingues.$2rvmgf$0(CaQQLa)RVMGF-000001764
=700  1\$6880-03$aOkakura, Yoshisaburō,$d1868-1936,$eeditor.
=776  08$iOnline version:$tKenkyusha's new English-Japanese dictionary on bilingual principles.$bAn entirely new ed.$dTokyo, Kenkyusha [1936]$w(OCoLC)988194475
=880  00$6245-01$aKenkyusha's new English-Japanese dictionary on bilingual principles =$b新英和大辭典 /$cOkakura Yoshisaburo, general editor.
=880  31$6246-02$a新英和大辭典
=880  1\$6700-03$a岡倉由三郎,$d1868-1936,$eeditor.
=930  \\$a20220705$b00000000$c00000000
=946  \\$aOther US
=959  \\$a$c2022/07/05$ecmartinez$gupgrade


