=LDR  01518cam a2200409 i 4500
=001  700048
=005  20220406180016.0
=008  950313s1896\\\\gw\\\\\\\m\\\\000\0\eng\d
=035  \\$a(OCoLC)ocm47641460
=035  \\$a700048
=040  \\$aYUS$beng$cYUS$dOCLCQ$dAGL$dOCLCO$dOCLCF$dOCLCA$dOCLCQ$dOCLCO$dOCLCA$dOCL$dOCLCQ$dOCLCO$dAGL
=016  7\$aCAT10905809$2DNAL
=029  1\$aDEBSZ$b252564715
=029  1\$aNLGGC$b21622408X
=043  \\$ae-uk-st
=070  0\$a281.171$bP27
=049  \\$aAGLL
=072  \0$aE500
=100  1\$aPaterson, John Waugh,$d1869-
=245  10$aAnalysis of the causes and consequences of rural depopulation in Scotland. /$cJohn Waugh Paterson
=264  \1$aLeipzig-R :$bPrinted by O. Schmidt,$c1896.
=300  \\$a59, [1] pages$c23 cm
=336  \\$atext$btxt$2rdacontent
=337  \\$aunmediated$bn$2rdamedia
=338  \\$avolume$bnc$2rdacarrier
=502  \\$aInaug.-Diss.--Lepzig.
=500  \\$aVita.
=650  \3$arural sociology$9auto-assigned by category code
=651  \0$aScotland$xPopulation.
=650  \7$aPopulation.$2fast$0(OCoLC)fst01071476
=651  \7$aScotland.$2fast$0(OCoLC)fst01206715
=655  \7$aAcademic theses.$2fast$0(OCoLC)fst01726453
=655  \7$aAcademic theses.$2lcgft
=776  08$iOnline version:$aPaterson, John Waugh, 1869-$tAnalysis of the causes and consequences of rural depopulation in Scotland .$dLeipzig-R., 1896$w(OCoLC)894300671
=930  \\$a20220406$b00000000$c00000000
=946  \\$aNon-US
=959  \\$a$c2022/04/01$ecmartinez$gupgrade

