=LDR  01810cam a2200457 i 4500
=001  694763
=005  20220407083511.0
=008  950310s1928\\\\xx\\\\\\\\\\\s000\0\eng\d
=035  \\$a(OCoLC)ocm71079768
=035  \\$a694763
=040  \\$aAGL$beng$cAGL$dOCLCQ$dOCLCO$dAGL
=016  7\$aCAT10905068$2DNAL
=070  0\$a281.023$bIl6 1927
=072  \0$aE200
=072  \0$aF120
=049  \\$aAGLL
=110  2\$aUniversity of Illinois (Urbana-Champaign campus).$bCollege of Agriculture.$bDepartment of Farm Organization and Management.
=245  10$aComplete costs and farm business analysis on 15 farms in Champaign and Piatt counties, Illinois (grain farming section) 1927.
=260  \\$c[1928?]
=300  \\$a35 pages
=336  \\$atext$btxt$2rdacontent
=337  \\$aunmediated$bn$2rdamedia
=338  \\$avolume$bnc$2rdacarrier
=650  \0$aAgriculture$xEconomic aspects$zIllinois.
=650  \0$aAgriculture$vStatistics.
=650  \0$aFarm income$zIllinois.
=650  \7$aAgriculture.$2fast$0(OCoLC)fst00801355
=650  \7$aAgriculture$xEconomic aspects.$2fast$0(OCoLC)fst00801415
=650  \7$aFarm income.$2fast$0(OCoLC)fst00921031
=650  \3$aplant cultural practices$9auto-assigned by category code
=650  \3$afield crops$9auto-assigned by category code
=650  \3$acrop production$9auto-assigned by category code
=650  \3$aagronomy$9auto-assigned by category code
=650  \3$amicroeconomics$9auto-assigned by category code
=650  \3$afarm management$9auto-assigned by category code
=650  \3$aagricultural economics$9auto-assigned by category code
=651  \7$aIllinois.$2fast$0(OCoLC)fst01205143
=655  \7$aStatistics.$2fast$0(OCoLC)fst01423727
=930  \\$a20220407$b00000000$c00000000
=946  \\$aOther US
=959  \\$a$c2022/04/06$ecmartinez$gupgrade

