=LDR  01134cam a22003257a 4500
=001  705861
=005  20220317083507.0
=008  950315s1928\\\\it\\\\\\\\\\\\100\0\eng\d
=035  \\$a(OCoLC)ocm41066907
=035  \\$a705861
=040  \\$aIL#$beng$cIL#$dAGL$dOCLCF$dOCLCO$dOCLCQ$dAGL
=016  7\$aCAT10904827$2DNAL
=070  0\$a281$bIn82Ag
=072  \0$aE100
=049  \\$aAGLL
=072  \0$aE100
=245  00$aAgriculture and the resolutions of the International Economic Conference :$bgeneral situation of agriculture since the date of the Conference ...
=260  \\$aRoma,$c1928.
=300  \\$a52 pages
=336  \\$atext$btxt$2rdacontent
=337  \\$aunmediated$bn$2rdamedia
=338  \\$avolume$bnc$2rdacarrier
=590  \\$aIn catalogue on card for French ed.: L'agriculture et les es résolutions. 281 In82A.
=650  \0$aAgriculture.
=650  \7$aAgriculture.$2fast$0(OCoLC)fst00801355
=650  \3$aagricultural economics$9auto-assigned by category code
=710  2\$aInternational Institute of Agriculture.
=930  \\$a20220317$b00000000$c00000000
=946  \\$aNon-US
=959  \\$a$c2022/03/17$ecmartinez$gupgrade


