=LDR  01411cam a22004091i 4500
=001  688524
=005  20220427083510.0
=008  950228s1895\\\\xx\\\\\\\\\\\\000\0\eng\d
=035  \\$a(OCoLC)ocm71076150
=035  \\$a688524
=040  \\$aAGL$beng$cAGL$dAJJ$dOCLCF$dOCLCO$dOCLCQ
=016  7\$aCAT10737968$2DNAL
=043  \\$an-usu--
=070  0\$a31.3$bP54
=072  \0$aA000
=049  \\$aAGLL
=100  1\$aPhillips, Edward Marchant.
=245  04$aThe Southern farmer's guide :$bwhat, how and when to plant for profit in Arkansas.
=246  3\$aSouthern fanrer's guide, Arkansas
=246  14$aArkansas, the Southern farmer's guide
=250  \\$a[2nd ed.].
=260  \\$aLittle Rock, Ark. :$bE.M. Phillips,$c©1895.
=300  \\$a49, [15] pages :$billustrations ;$c23 cm
=336  \\$atext$btxt$2rdacontent
=337  \\$aunmediated$bn$2rdamedia
=338  \\$avolume$bnc$2rdacarrier
=650  \0$aAgriculture$zSouthern States.
=650  \0$aAgriculture$zArkansas.
=650  \0$aFood crops$zArkansas.
=650  \7$aAgriculture.$2fast$0(OCoLC)fst00801355
=650  \3$aagriculture$9auto-assigned by category code
=651  \7$aSouthern States.$2fast$0(OCoLC)fst01244550v
=650  \7$a{dollar}a Food crops. {dollar}2 fast {dollar}0 (OCoLC)fst00930761
=651  \7$a{dollar}a Arkansas. {dollar}2 fast {dollar}0 (OCoLC)fst01204809
=930  \\$a20220427$b00000000$c00000000
=946  \\$aOther US
=959  \\$a$c2022/04/25$ecmartinez$gupgrade


