=LDR  02846cam a2200517Ii 4500
=001  700668
=005  20220701180012.0
=008  950314s1914\\\\dcu\\\\\\\\\\f000\0\eng\\
=010  \\$a   14030149 
=035  \\$a(OCoLC)ocm05234556
=035  \\$a700668
=040  \\$aDLC$beng$cAFU$dOCLCQ$dAGL$dOCLCG$dCLU$dKRTAS$dFUG$dOCLCF$dOCLCQ$dOCLCO$dPHA$dOCLCO$dAGL
=016  7\$aCAT10909227$2DNAL
=043  \\$ae------
=070  0\$a284.2$bUn33
=072  \0$aE100
=072  \0$aD500
=086  0\$aY 1.1/3:63-380
=049  \\$aAGLL
=110  1\$aUnited States.$bCommission to Investigate and Study Rural Credits and Agricultural Cooperative Organizations in European Countries.
=245  10$aAgricultural credit :$bland-mortgage or long-term credit : report of the United States Commission to investigate and study in European countries cooperative land-mortgage banks, cooperative rural credit unions, and similar organizations and institutions devoting their attention to the promotion of agriculture and the betterment of rural conditions.
=264  \1$aWashington :$b[Govt. Print. Off.],$c1914.
=300  \\$a73, 32 pages ;$c24 cm.
=336  \\$atext$btxt$2rdacontent
=337  \\$aunmediated$bn$2rdamedia
=338  \\$avolume$bnc$2rdacarrier
=490  1\$aSenate document (United States. Congress. Senate) ;$v63rd Congress, no. 380
=500  \\$aPresented by Mr. Fletcher. Referred to the Committee on banking and currency and order printed, pts. I-II, January 29, pt. III, March 13, 1914.
=505  0\$apt. I. Introduction.-- pt. II. Land-mortgage or long-term credit. Appendix : Suggested legislation, text of the bill.-- pt. III. Personal or shor t-term credit.
=650  \0$aAgricultural credit$zEurope.
=650  \0$aAgricultural cooperative credit associations.
=650  \0$aMortgage banks.
=650  \7$aAgricultural cooperative credit associations.$2fast$0(OCoLC)fst00800614
=650  \7$aAgricultural credit.$2fast$0(OCoLC)fst00800626
=650  \7$aMortgage banks.$2fast$0(OCoLC)fst01026553
=650  \3$alaws and regulations$9auto-assigned by category code
=650  \3$aagricultural economics$9auto-assigned by category code
=651  \7$aEurope.$2fast$0(OCoLC)fst01245064
=655  \3$aInternet resource
=700  1\$aFletcher, Duncan Upshaw,$d1859-1936.
=776  08$iOnline version:$aUnited States. Commission to Investigate and Study Rural Credits and Agricultural Cooperative Organizations in European Countries.$tAgricultural credit .$dWashington [Govt. Print. Off.] 1914$w(OCoLC)590085505
=830  \0$aSenate document (United States. Congress. Senate) ;$v63rd Congress, no. 380.
=856  41$uhttps://archive.org/details/agriculturalcred00unit$zInternet Archive, University of California
=930  \\$a20220701$b00000000$c00000000
=946  \\$aOther US
=959  \\$a$c2022/06/07$ecmartinez$gupgrade

