=LDR  02283cam a22004817i 4500
=001  688659
=005  20220807083506.0
=008  950301s1829\\\\vau\\\\\\\\\\s000\0\eng\d
=016  7\$aCAT106885697$2DNAL
=035  \\$a(OCoLC)ocm71074428
=035  \\$a688659
=040  \\$aAGL$beng$cAGL$dOCLCO$dOCLCQ$dAGL$dOCLCO$dAGL
=043  \\$an-us-va
=070  0\$a31.3$bV81
=072  \0$aF120
=049  \\$aAGLL
=110  1\$aVirginia.$bGeneral Assembly.$bHouse of Delegates.$bCommittee of Agriculture and Manufactures.
=245  10$aReport of the Committee of Agriculture and Manufactures.
=264  \1$a[Richmond, Virginia?] :$b[publisher not identified],$c[1829?]
=300  \\$a3 pages ;$c28 cm.
=336  \\$atext$btxt$2rdacontent
=337  \\$aunmediated$bn$2rdamedia
=338  \\$avolume$bnc$2rdacarrier
=490  0\$aDoc. ;$vno. 20
=520  \\$aHouse Committee of Agriculture and Manufactures regarding the inspection and grade of flour and Indian meal in Richmond. After examination, the committee determined that it was good policy to limit millers to one brand; of changing the mode of appointing the inspector; and of reducing the inspector's fees. In addition, they also suggested adding a higher grade of flour of superfine.
=590  \\$aBound with Virginia. Board of Agriculture. Report ... to the Senate and House of Representatives of Virginia. 1842, 116 p.
=650  \3$aplant cultural practices.
=650  \3$afield crops.
=650  \3$acrop production.
=650  \3$aagronomy.
=650  \0$aFlour industry$zVirginia$zRichmond$y19th century.
=650  \0$aFood industry and trade$zVirginia$zRichmond$y19th century.
=650  \0$aFood adulteration and inspection$zVirginia$zRichmond$y19th century.
=650  \7$aFlour industry.$2fast$0(OCoLC)fst00927741
=650  \7$aFood adulteration and inspection.$2fast$0(OCoLC)fst00930671
=650  \7$aFood industry and trade.$2fast$0(OCoLC)fst00930843
=650  \3$aagriculture$9auto-assigned by category code
=651  \7$aVirginia$zRichmond.$2fast$0(OCoLC)fst01205345
=648  \7$a1800-1899$2fast
=830  \0$aHouse document (Virginia. General Assembly. House of Delegates) ;$v1829?, no.20.
=930  \\$a20220807$b00000000$c00000000
=946  \\$aOther US
=959  \\$a$c2022/08/04$ecmartinez$gupgrade

