=LDR  01975cam a22005292i 4500
=001  691583
=005  20220518083517.0
=008  950309s1931\\\\gw\\\\\\\m\\\\000\0\ger\d
=035  \\$a(OCoLC)ocm31958028
=035  \\$a691583
=040  \\$aLWU$beng$cLWU$dAGL$dOCLCQ$dOCLCO$dOCLCF$dOCLCQ$dOCLCO$dAGL
=016  7\$aCAT10942185$2DNAL
=029  1\$aNLGGC$b086409328
=041  \\$ager$aeng
=043  \\$ae-gx---
=070  0\$a280.375$bH67
=072  \0$aE700
=072  \0$aQ005
=049  \\$aAGLL
=100  1\$aHofmann, Erich Walther,$d1902-
=242  04$aMovements, structural changes and the economic picture of the potato market in Germany over the years 1924/25-1926/27.$yeng
=245  14$aDie Bewegungen, Strukturveränderungen und das wirtschaftliche Bild des Kartoffelmarktes in Deutschland in den Jahren 1924/25-1926/27 /$cErich Hoffman
=264  \1$a[Rudolstadt] :$b[Fürstl. priv. Hofbuchdruckerei],$c1931.
=300  \\$a86 pages ;$c23 cm
=336  \\$atext$btxt$2rdacontent
=337  \\$aunmediated$bn$2rdamedia
=338  \\$avolume$bnc$2rdacarrier
=502  \\$cUniversiẗat Leipzig$d1929
=650  \0$aPotato industry$zGermany.
=650  \0$aPotatoes$zGermany$xMarketing.
=650  \0$aFarm produce$zGermany$xMarketing.
=650  \3$aplant-based foods.
=650  \3$ahorticultural crops.
=650  \3$amarketing.
=650  \3$adistribution (economics)
=650  \3$aagricultural economics.
=650  \3$aagribusiness.
=650  \7$aFarm produce$xMarketing.$2fast$0(OCoLC)fst00921182
=650  \7$aPotato industry.$2fast$0(OCoLC)fst01073347
=650  \7$aPotatoes$xMarketing.$2fast$0(OCoLC)fst01073424
=651  \7$aGermany.$2fast$0(OCoLC)fst01210272
=655  \7$aAcademic theses.$2fast$0(OCoLC)fst01726453
=655  \7$aAcademic theses.$2lcgft
=655  \7$aThèses et écrits académiques.$2rvmgf$0(CaQQLa)RVMGF-000001173
=930  \\$a20220518$b00000000$c00000000
=946  \\$aNon-US
=959  \\$a$c2022/05/07$ecmartinez$gupgrade


