=LDR  01827cam a22004577i 4500
=001  695620
=005  20220530083541.0
=008  950310s1932\\\\ru\\\\\\\\\\\\000\0\ger\d
=035  \\$a(OCoLC)ocm39641227
=035  \\$a695620
=040  \\$aIL#$beng$cIL#$dOCLCQ$dAGL$dOCLCQ$dOCLCF$dOCLCQ$dOCLCO$dSNN$dOCLCQ$dOCL$dOCLCQ$dAGL
=016  7\$aCAT10905912$2DNAL
=041  \\$ager$arus$beng
=043  \\$ae-ur---
=070  0\$a281.179$bIa5U
=072  \0$aE200
=072  \0$aE400
=049  \\$aAGLL
=100  1\$aJakov Arkadʹevič Jakovlev$eauthor$uCommunist Russia$d1896-1938.
=242  00$aOn the trade of the collective farms :$bwith an appendix.$yeng
=245  10$aÜber den Handel der Kollektivwirtschaften :$bmit einem Anhang /$cJakov Arkadʹevič Jakovlev.
=264  \1$aMoskau : Verlagsgenossenschaft Ausländischer Arbeiter in der UdSSR, 1932.  =  Moscow : Publishing Cooperative of Foreign Workers in the USSR, 1932.
=300  \\$a46 pages.
=336  \\$atext$btxt$2rdacontent
=337  \\$aunmediated$bn$2rdamedia
=338  \\$avolume$bnc$2rdacarrier
=500  \\$aTranslation from Russian to German.
=500  \\$aTitle in Russian on back cover.
=650  \0$aAgriculture, Cooperative$zRussia.
=650  \0$aCollective farms$zRussia.
=650  \0$aFarm produce$xCommerce$zRussia.
=650  \7$aCollective farms.$2fast$0(OCoLC)fst00867364
=650  \3$aeconomics$9auto-assigned by category code
=650  \3$acooperatives$9auto-assigned by category code
=650  \3$amicroeconomics$9auto-assigned by category code
=650  \3$afarm management$9auto-assigned by category code
=650  \3$aagricultural economics$9auto-assigned by category code
=651  \7$aRussia.$2fast$0(OCoLC)fst01207312
=930  \\$a20220530$b00000000$c00000000
=946  \\$aNon-US
=959  \\$a$c2022/03/24$ecmartinez$gupgrade


