=LDR  01575cam a2200409Ia 4500
=001  688673
=005  20220717180007.0
=008  950301s1898\\\\wiua\\\\\\\\\s000\0\eng\d
=035  \\$a(OCoLC)ocm35313820
=035  \\$a688673
=040  \\$aGZM$beng$cGZM$dAGL$dOCLCQ$dOCLCF$dOCLCO$dOCLCQ$dOCLCA$dOCLCO$dAGL
=016  7\$aCAT10738045$2DNAL
=043  \\$an-us-wi
=070  0\$a31.3$bW75
=072  \0$aJ700
=049  \\$aAGLL
=245  00$aLand clearing in Upper Wisconsin.
=260  \\$aMadison, Wis. :$bCollege of Agriculture, University of Wisconsin,$c1898.
=300  \\$a56 pages :$billustrations ;$c14 x 23 cm.
=336  \\$atext$btxt$2rdacontent
=337  \\$aunmediated$bn$2rdamedia
=338  \\$avolume$bnc$2rdacarrier
=490  1\$aBulletin of the University of Wisconsin. General series ;$vno. 677
=490  1\$aBulletin of the University of Wisconsin ;$vser. no. 886
=500  \\$aCover title.
=650  \0$aClearing of land$zWisconsin.
=650  \7$aClearing of land.$2fast$0(OCoLC)fst00863946
=650  \3$asoil science$9auto-assigned by category code
=650  \3$asoil management$9auto-assigned by category code
=650  \3$acrop management$9auto-assigned by category code
=651  \7$aWisconsin.$2fast$0(OCoLC)fst01204595
=710  2\$aUniversity of Wisconsin.$bCollege of Agriculture.
=830  \0$aBulletin of the University of Wisconsin.$pGeneral series ;$vno. 677.
=830  \0$aBulletin of the University of Wisconsin ;$vno. 886.
=930  \\$a20220717$b00000000$c00000000
=946  \\$aOther US
=959  \\$a$c2022/07/17$ecmartinez$gupgrade

