=LDR  01901cam a2200481   4500
=001  707754
=005  20220723083508.0
=008  950316s1928\\\\ne\\\\\\\d\\\\000\0\dut\\
=010  \\$a   30031337 
=035  \\$a(OCoLC)ocm01375705
=035  \\$a707754
=040  \\$aDLC$beng$cWSU$dOCL$dOCLCQ$dAGL$dOCLCG$dOCLCF$dOCLCQ$dOCLCO$dOCLCQ$dOCLCO$dOCLCQ$dOCLCO$dOCLCO$dAGL
=016  7\$aCAT10969443$2DNAL
=029  1\$aAU@$b000027755893
=041  0\$adut$aeng
=070  0\$a201.5$bP93 Ed.2
=072  \0$aX000
=049  \\$aAGLL
=100  1\$aPrick van Wely, F. P. H.$q(Franciscus Petrus Hubertus),$d1867-1926.
=245  10$aEngelsch handwoordenboek,$cdoor dr. F.P.H. Prick van Wely ...
=250  \\$a2. verbeterde druk,$bbewerkt door F. Prick van Wely.
=260  \\$aGouda :$bG.B. van Goor Zonen,$c1928-29.
=300  \\$a2 volumes ;$c19 cm
=336  \\$atext$btxt$2rdacontent
=337  \\$aunmediated$bn$2rdamedia
=338  \\$avolume$bnc$2rdacarrier
=505  0\$a1. deel. Engelsch-Nederlandsch.--2. deel. Nederlandsch-Engelsch.
=650  \0$aEnglish language$vDictionaries$xDutch.
=650  \0$aDutch language$vDictionaries$xEnglish.
=650  \7$aDutch language.$2fast$0(OCoLC)fst00899732
=650  \7$aEnglish language.$2fast$0(OCoLC)fst00910920
=650  \0$aDictionaries, Polyglot.
=650  \7$aDictionaries, Polyglot.$2fast$0(OCoLC)fst00892885
=650  \3$ainformation sources$9auto-assigned by category code
=655  \7$aMultilingual dictionaries.$2fast$0(OCoLC)fst01985357
=655  \7$apolyglot dictionaries.$2aat$0(CStmoGRI)aatgf300026216
=655  \7$aDictionaries.$2fast$0(OCoLC)fst01423826
=655  \7$aMultilingual dictionaries.$2lcgft
=655  \7$aDictionnaires multilingues.$2rvmgf$0(CaQQLa)RVMGF-000001764
=700  1\$aPrick van Wely, F.,$eeditor.
=930  \\$a20220723$b00000000$c00000000
=946  \\$aNon-US
=959  \\$a$c2022/07/19$ecmartinez$gupgrade

