=LDR  02271cam a22005771  4500
=001  691158
=005  20220912083512.0
=008  950309s1936\\\\dcu\\\\\\\\\\f000\0\eng\\
=010  \\$a   37026271 
=016  7\$aCAT10904299$2DNAL
=035  \\$a(OCoLC)ocm03832389
=035  \\$a691158
=040  \\$aDLC$beng$cDLC$dTJC$dOCLCO$dOCLCA$dOCLCF$dOCLCQ$dOCLCO$dOSO$dOCLCQ$dVA@$dOCLCQ$dOHT$dOCLCO$dAGL
=019  \\$a1048977166$a1056933233
=029  1\$aAU@$b000027957129
=042  \\$apremarc
=043  \\$an-us---
=070  0\$a280.7$bM692D
=072  \0$aP300
=072  \0$aD500
=086  0\$aI 29.46:L 44/2/
=086  0\$aI 29.2:L 44/2.3
=086  0\$aI 29.2:L 44/2.2
=086  0\$aI 29.2:L 44/2.1
=049  \\$aAGLL
=110  1\$aUnited States.$bNational Park Service.
=245  10$aDigest of laws relating to state parks ...$cUnited States Department of the interior, National park service.
=260  \\$a[Washington]$c1936.
=300  \\$a3 volumes$c27 cm
=336  \\$atext$btxt$2rdacontent
=337  \\$aunmediated$bn$2rdamedia
=338  \\$avolume$bnc$2rdacarrier
=500  \\$aPaged continuously.
=500  \\$aMimeographed.
=500  \\$a"Compiled by Roy A. Vetter, assistant attourney, National park service."--Vol. I, page 2 of cover.
=505  0\$aI. Alabama-Mississippi. Index. -- II. Missouri-North Carolina. -- III. North Dakota-Wyoming. Territories-Insular possessions.
=530  \\$aAlso issued online.
=650  \0$aParks$zUnited States.
=650  \0$aForest reserves$zUnited States.
=650  \7$aForest reserves.$2fast$0(OCoLC)fst00932451
=650  \7$aParks.$2fast$0(OCoLC)fst01053705
=650  \3$alaws and regulations$9auto-assigned by category code
=650  \3$anatural resources$9auto-assigned by category code
=650  \3$aland resources$9auto-assigned by category code
=650  \3$aland management$9auto-assigned by category code
=651  \7$aUnited States.$2fast$0(OCoLC)fst01204155
=700  1\$aVetter, Roy A.$q(Roy August),$d1888-$ecompiler.
=776  08$iOnline version:$aUnited States. National Park Service.$tDigest of laws relating to state parks .$d[Washington] 1936$w(OCoLC)595388867
=930  \\$a20220912$b00000000$c00000000
=946  \\$aOther US
=959  \\$a$c2022/09/12$ecmartinez$gupgrade

