=LDR  01869cam a2200433M  4500
=001  698495
=005  20220422180009.0
=008  950313s1930\\\\nyuab\\\\m\\\\000\0\eng\d
=035  \\$a(OCoLC)ocm63971301
=035  \\$a698495
=040  \\$aCOO$beng$cCOO$dAGL$dOCLCG$dOCLCF$dOCLCO$dOCLCQ$dOCLCO$dOCL$dOCLCO$dAGL
=016  7\$aCAT10909013$2DNAL
=043  \\$an-us---
=070  0\$a284.2$bH55
=072  \0$aE100
=072  \0$aX100
=049  \\$aAGLL
=100  1\$aHill, F. F.$q(Forrest Frank),$d1900-
=245  12$aA statistical study of the problem of making long-term mortgage loans on farm property in New York State /$cForest Frank Hill.
=264  \1$a[Ithaca, New York,]$c1930.
=300  \\$a194 leaves$billustrations, maps$c28 cm
=336  \\$atext$btxt$2rdacontent
=337  \\$aunmediated$bn$2rdamedia
=338  \\$avolume$bnc$2rdacarrier
=502  \\$bPh. D.$cCornell University$d1930
=650  \0$aAgricultural credit$zNew York (State)
=650  \0$aMortgage banks$zNew York (State)
=650  \7$aAgricultural credit.$2fast$0(OCoLC)fst00800626
=650  \7$aMortgage banks.$2fast$0(OCoLC)fst01026553
=650  \3$amathematics and statistics$9auto-assigned by category code
=650  \3$aagricultural economics$9auto-assigned by category code
=651  \7$aUnited States.$2fast$0(OCoLC)fst01204155
=655  \7$aAcademic theses.$2fast$0(OCoLC)fst01726453
=655  \7$aAcademic theses.$2lcgft
=776  08$iOnline version:$aHill, F.F. (Forrest Frank), 1900-$tStatistical study of the problem of making long-term mortgage loans on farm property in New York State.$d[Ithaca, N.Y.] 1930$w(OCoLC)691623206
=856  41$3HathiTrust Digital Library, Limited view (search only)$uhttp://catalog.hathitrust.org/api/volumes/oclc/63971301.html
=930  \\$a20220422$b00000000$c00000000
=946  \\$aOther US
=959  \\$a$c2022/04/22$ecmartinez$gupgrade

