=LDR  01969ctm a2200469Ii 4500
=001  691500
=005  20220824083508.0
=008  950309s1924\\\\xxua\\\\\m\\\\000\0\eng\\
=010  \\$a   25002560 
=035  \\$a(OCoLC)ocm46833207
=035  \\$a691500
=040  \\$aDLC$beng$cYUS$dOCL$dOCLCQ$dAGL$dOCLCQ$dOCLCF$dOCLCO$dOCLCA$dOCLCO$dAGL
=016  7\$aCAT10904850$2DNAL
=043  \\$an-us---
=070  0\$a281$bL97
=072  \0$aD100
=049  \\$aAGLL
=100  1\$aLung, Kai Lum.
=245  12$aA financial history of the United States Department of agriculture /$cby Kai Lum Lung.
=264  \0$a[Ithaca, N.Y.],$c1924.
=300  \\$a[4] pages ;$c22 cm
=300  \\$a293 leaves :$billustrations (some color) ;$c27 cm
=336  \\$atext$btxt$2rdacontent
=337  \\$aunmediated$bn$2rdamedia
=338  \\$avolume$bnc$2rdacarrier
=500  \\$aCover title.
=500  \\$aAbstract of thesis (Ph. D.)--Cornell University, 1924.
=502  \\$bPh. D.$cCornell University$d1924
=650  \0$aExpenditures, Public.
=650  \7$aExpenditures, Public.$2fast$0(OCoLC)fst00918345
=610  10$aUnited States.$bDepartment of Agriculture$xAppropriations and expenditures.
=610  17$aUnited States.$bDepartment of Agriculture.$2fast$0(OCoLC)fst01852329
=650  \3$agovernment and administration$9auto-assigned by category code
=650  \3$aagriculture$9auto-assigned by category code
=655  \7$aAcademic theses.$2fast$0(OCoLC)fst01726453
=655  \7$aAcademic theses.$2lcgft
=655  \7$aThèses et écrits académiques.$2rvmgf$0(CaQQLa)RVMGF-000001173
=776  08$iOnline version:$aLung, Kai Lum.$tFinancial history of the United States Department of Agriculture.$d[Ithaca, N.Y.] 1924$w(OCoLC)692144978
=856  41$3HathiTrust Digital Library, Limited view (search only)$uhttp://catalog.hathitrust.org/api/volumes/oclc/63961345.html
=930  \\$a20220824$b00000000$c00000000
=946  \\$aOther US
=959  \\$a$c2022/08/23$ecmartinez$gupgrade


