=LDR  01212cam a2200349I  4500
=001  685573
=005  20220411180014.0
=008  770419s1939\\\\nyu\\\\\\\\\\\000\0\eng\\
=010  \\$a   40004995 
=035  \\$a(OCoLC)ocm02901231
=035  \\$a685573
=040  \\$aDLC$beng$cBAL$dBAL$dOCL$dOCLCQ$dAGL$dOCLCG$dCLU$dOCLCQ$dOCLCF$dOCLCQ$dOCLCO$dOCL$dIUL$dOCLCO
=016  7\$aCAT10685573$2DNAL
=019  \\$a3898927
=029  1\$aAU@$b000028322166
=070  0\$a325$bK822A 1945
=072  \0$aX700
=049  \\$aAGLL
=100  1\$aKohler, Eric Louis,$d1892-1976.
=245  10$aSolutions for advanced accounting problems,$cby E.L. Kohler.
=260  \\$aNew York,$bPrentice-Hall,$c©1939.
=300  \\$a1 volume$c27 cm
=336  \\$atext$btxt$2rdacontent
=337  \\$aunmediated$bn$2rdamedia
=338  \\$avolume$bnc$2rdacarrier
=590  \\$aModel solutions, constitution vol. 2 of his Advanced accounting problems (325 K822 1945).
=650  \0$aAccounting$vProblems, exercises, etc.
=650  \7$aAccounting.$2fast$0(OCoLC)fst00795379
=655  \7$aProblems and exercises.$2fast$0(OCoLC)fst01423783
=930  \\$a20220411$b00000000$c00000000
=946  \\$aOther US
=959  \\$a$c2022/04/11$ecmartinez$gupgrade


