=LDR  01597cam a2200433 a 4500
=001  705092
=005  20220309083511.0
=008  950315s1933\\\\dcu\\\\\\\\\\f000\0\eng\d
=035  \\$a(OCoLC)ocm45903063
=040  \\$aHVC$beng$cHVC$dOCLCQ$dAGL$dOCLCG$dWIH$dOCLCF$dOCLCQ$dOCLCO$dOCLCQ$dOCLCO$dAGL
=016  7\$aCAT10928960$2DNAL
=035  \\$a705092
=043  \\$an-us---
=070  0\$a166.3$bF22
=072  \0$aE100
=086  0\$aFCA 1.2:R 24
=049  \\$aAGLL
=100  1\$aMorgenthau, Henry,$d1891-1967.
=245  10$aFarm credit in the recovery program /$ca radio address by Henry Morgenthau, Jr.
=260  \\$a[Washington, D.C.] :$bFarm Credit Administration :$bU.S. G.P.O.,$c1933.
=300  \\$a8 pages ;$c23 cm
=336  \\$atext$btxt$2rdacontent
=337  \\$aunmediated$bn$2rdamedia
=338  \\$avolume$bnc$2rdacarrier
=500  \\$aCover title.
=500  \\$a"October 4, 1933."
=500  \\$a"14721°-33"--Page 3
=650  \0$aAgricultural credit$zUnited States.
=650  \0$aGovernment lending$zUnited States.
=610  10$aUnited States.$bFarm Credit Administration.
=610  17$aUnited States.$bFarm Credit Administration.$2fast$0(OCoLC)fst00573669
=650  \3$aagricultural economics$9auto-assigned by category code
=650  \7$aAgricultural credit.$2fast$0(OCoLC)fst00800626
=650  \7$aGovernment lending.$2fast$0(OCoLC)fst00945388
=651  \7$aUnited States.$2fast$0(OCoLC)fst01204155
=710  1\$aUnited States.$bFarm Credit Administration.
=930  \\$a20220309$b00000000$c00000000
=946  \\$aOther US
=959  \\$a$c2022/03/09$ecmartinez$gupgrade


