=LDR  01472cam a2200409Mi 4500
=001  688320
=005  20220426180012.0
=008  950224s1916\\\\xx\\\\\\\\\\\\000\0\eng\d
=035  \\$a688320
=040  \\$aAGL$beng$cAGL$dOCL$dOCLCF$dOCLCQ$dAGL
=035  \\$a(OCoLC)ocm71076087
=035  \\$a71076087
=016  7\$aCAT10893068$2DNAL
=070  0\$a98$bN54
=072  \0$aP300
=072  \0$aF110
=049  \\$aAGLL
=100  1\$aNicolet, Tell W.
=245  10$aLandscape gardening as applied to school grounds./$cTell W. Nicolet
=260  \\$c[1916]
=300  \\$a31 pages
=336  \\$atext$btxt$2rdacontent
=337  \\$aunmediated$bn$2rdamedia
=338  \\$avolume$bnc$2rdacarrier
=650  \0$aLandscape gardening.
=650  \7$aLandscape gardening.$2fast$0(OCoLC)fst00991916
=650  \3$aplant cultural practices$9auto-assigned by category code
=650  \3$ahorticulture$9auto-assigned by category code
=650  \3$ahorticultural crops$9auto-assigned by category code
=650  \3$acrop production$9auto-assigned by category code
=650  \3$anatural resources$9auto-assigned by category code
=650  \3$aland resources$9auto-assigned by category code
=650  \3$aland management$9auto-assigned by category code
=776  08$iOnline version:$aNicolet, Tell W.$tLandscape gardening as applied to school grounds.$d[1916]$w(OCoLC)665532011
=930  \\$a20220426$b00000000$c00000000
=946  \\$aOther US
=959  \\$a$c2022/04/26$ecmartinez$gupgrade

