=LDR  01465ctm a2200373Ma 4500
=001  698951
=005  20220516083517.0
=008  950313s192u\\\\gw\\\\\\\\\\\\000\0\ger\d
=035  \\$a(OCoLC)ocn843325758
=035  \\$a698951
=040  \\$aZAP$beng$cZAP$dOCLCQ$dOCLCO$dOCLCF$dOCLCO$dAGL
=016  7\$aCAT10972202$2DNAL
=041  \\$ager$aeng
=043  \\$ae-gx---
=070  0\$a283$bSt52
=072  \0$aE100
=049  \\$aAGLL
=100  1\$aStieger, Harry,$d1892-
=242  00$aStudies on the relationship between settlements and the question of agricultural workers, with special reference to the situation created after the war by the Reich Settlement Act.$yeng
=245  10$aUntersuchungen uber die Beziehungen zwischen Siedlungswesen und Landarbeiterfrage unter besonderer Berucksichtigung der nach dem Kriege durch das Reichssiedlungsgesetz geschaffenen Lage /$cHarry Stieger.
=264  \0$aBerlin,$c1932.
=300  \\$a177 p. ;$c21 cm.
=336  \\$atext$btxt$2rdacontent
=337  \\$aunmediated$bn$2rdamedia
=338  \\$avolume$bnc$2rdacarrier
=502  \\$bdoctoral$cLandwirtschaftliche Hochschule Berlin
=650  \0$aAgricultural laborers$zGermany.
=650  \0$aWar and emergency legislation$zGermany.
=650  \3$aagricultural economics
=655  \7$aAcademic theses.$2fast$0(OCoLC)fst01726453
=655  \7$aAcademic theses.$2lcgft
=930  \\$a20220516$b00000000$c00000000
=946  \\$aNon-US
=959  \\$a$c2022/05/10$ecmartinez$gupgrade

