=LDR  01724ctm a22004577i 4500
=001  700169
=005  20220512142649.0
=008  950314s1933\\\\xx\\\\\\\m\\\\000\0\dut\d
=035  \\$a(OCoLC)ocm58730808
=035  \\$a700169
=040  \\$aCRL$beng$cCRL$dNLGGC$dAGL$dOCLCQ$dOCLCO$dOCLCF$dOCLCQ$dOCLCO
=016  7\$aCAT10969567$2DNAL
=029  1\$aAU@$b000004997736
=070  0\$a286$bD56
=072  \0$aE700
=072  \0$aQ000
=072  \0$aS200
=084  \\$a48.00$2bcl
=084  \\$a83.79$2bcl
=084  \\$a83.32$2bcl
=049  \\$aAGLL
=100  1\$aDijt, Marius Dirk,$d1893-
=242  00$aCyclical management through international valorization of wheat, sugar, cotton, coffee and rubber using commodity shelves.$yeng
=245  10$aConjunctuurbeheersching door middel van internationale valorisatie van tarwe, suiker, katoen, koffie en rubber met behulp van goederenschappen /$cMarius Dirk Dijt.
=264  \0$c1933.
=300  \\$a210 pages
=336  \\$atext$btxt$2rdacontent
=337  \\$aunmediated$bn$2rdamedia
=338  \\$avolume$bnc$2rdacarrier
=502  \\$bdoctoral$cLandbouwhogeschool Wageningen$d1933
=650  \3$anonfood plant products$9auto-assigned by category code
=650  \3$afood science$9auto-assigned by category code
=650  \3$amarketing$9auto-assigned by category code
=650  \3$adistribution (economics)$9auto-assigned by category code
=650  \3$aagricultural economics$9auto-assigned by category code
=650  \3$aagribusiness$9auto-assigned by category code
=655  \7$aAcademic theses.$2fast$0(OCoLC)fst01726453
=655  \7$aAcademic theses.$2lcgft
=930  \\$a20220512$b00000000$c00000000
=946  \\$aNon-US
=959  \\$a$c2022/04/05$ecmartinez$gupgrade

