=LDR  01359cam a2200373Ii 4500
=001  705172
=005  20220422180008.0
=008  950315s1935\\\\dcuab\\\\b\\\f000\0\eng\\
=035  \\$a(OCoLC)ocm02993609
=035  \\$a705172
=040  \\$aAGL$beng$cAGL$dOCLCQ$dOCLCO$dOCLCF$dOCLCQ$dAGL
=016  7\$aCAT10705172$2DNAL
=070  0\$a166.3$bSo5
=072  \0$aE130
=049  \\$aAGLL
=110  1\$aUnited States.$bFarm Credit Administration.$bDivision of Finance and Accounts.
=245  10$aSome results of a study of the tung-oil industry in the United States /$cFarm Credit Administration.
=264  \1$aWashington :$bFarm Credit Administration,$c1935.
=300  \\$a53 pages :$billustrations, maps
=336  \\$atext$btxt$2rdacontent
=337  \\$aunmediated$bn$2rdamedia
=338  \\$avolume$bnc$2rdacarrier
=500  \\$aIssued May 1935.
=504  \\$aIncludes bibliographical references.
=650  \0$aTung oil.
=650  \0$aTung tree.
=650  \7$aTung oil.$2fast$0(OCoLC)fst01158881
=650  \7$aTung tree.$2fast$0(OCoLC)fst01158883
=650  \3$aproduction economics$9auto-assigned by category code
=650  \3$amacroeconomics$9auto-assigned by category code
=650  \3$aagricultural economics$9auto-assigned by category code
=930  \\$a20220422$b00000000$c00000000
=946  \\$aOther US
=959  \\$a$c2022/04/21$ecmartinez$gupgrade

