=LDR  02706cam a22006017i 4500
=001  697049
=005  20220526083522.0
=008  950313s1933\\\\gw\\\\\e\2bms\000\0\ger\d
=016  7\$aCAT10907429$2DNAL
=035  \\$a(OCoLC)on1243962456
=035  \\$a697049
=040  \\$aCYT$beng$erda$cCYT$dCYT$dOCLCO$dOCLCF$dZD0$dOCLCQ$dOCLCO$dAGL
=019  \\$a1270368409$a1283667780
=049  \\$aAGLL
=070  0\$a282$bC47
=100  1\$aChu, Ping,$d1903-$eauthor.
=242  00$aLand reform in China.$yeng
=245  10$aBodenreform in china /$cPing Chu.
=264  \1$aJena :$bVerlag von Gustav Fischer,$c1933.
=300  \\$apages 145-182 ;$c23 cm
=336  \\$atext$btxt$2rdacontent
=337  \\$aunmediated$bn$2rdamedia
=338  \\$avolume$bnc$2rdacarrier
=500  \\$aOffprint : Diese Arbeit erscheint gleichzeitig im "Jahrbuch der Bodenreform", Bd. 29, Heft 4 (1933).
=500  \\$aBearing the original pagination.
=500  \\$aUY(Th6).{dollar}5ChTaNC.
=500  \\$6880-01$aWu la gui zeng shu(di 66 xiang, 001827060).{dollar}5ChTaNC.
=500  \\$6880-02$aFormer owners' bookplates pasted inside front cover: " zhong guo guo ji tu shu guan".{dollar}5ChTaNC.
=502  \\$bDoctoral$cUniversitat Leipzig$d1933
=504  \\$aIncludes bibliographical references (page 182).
=650  \0$aLand tenure$zChina.
=650  \0$aAllotment of land$zChina.
=650  \7$aAllotment of land.$2fast$0(OCoLC)fst00805695
=650  \7$aLand tenure.$2fast$0(OCoLC)fst00991362
=650  \3$amacroeconomics$9auto-assigned by category code
=650  \3$aland use$9auto-assigned by category code
=650  \3$aland management$9auto-assigned by category code
=650  \3$aeconomics$9auto-assigned by category code
=650  \3$amicroeconomics$9auto-assigned by category code
=650  \3$afarm management$9auto-assigned by category code
=650  \3$aagricultural economics$9auto-assigned by category code
=651  \7$aChina.$2fast$0(OCoLC)fst01206073
=655  \7$aAcademic theses.$2fast$0(OCoLC)fst01726453
=655  \7$aHochschulschrift.$2gnd-content
=655  \7$aAcademic theses.$2lcgft
=655  \7$aThèses et écrits académiques.$2rvmgf$0(CaQQLa)RVMGF-000001173
=710  2\$aUniversitat Leipzig.$bPhilologisch-historischen Abteilung der Philosophischen Fakultat,$edegree granting institution.
=710  2\$aBiblioteca Sino-Internacional (Montevideo, Uruguay),$eformer owner.$5ChTaNC
=880  \\$6500-01$a烏拉圭贈書(第66箱, 001827060).{dollar}5ChTaNC.
=880  \\$6500-02$aFormer owners' bookplates pasted inside front cover: "中國國際圖書館".{dollar}5ChTaNC.
=930  \\$a20220526$b00000000$c00000000
=946  \\$aOther US
=959  \\$a$c2022/05/25$ecmartinez$gupgrade


