=LDR  01730cam a2200397Mi 4500
=001  707350
=005  20220717180007.0
=008  950316s1883\\\\gw\\\\\\\d\\\\000\0\eng\d
=035  \\$a(OCoLC)ocm41707844
=035  \\$a707350
=040  \\$aUOK$beng$cUOK$dOCLCQ$dAGL$dOCLCG$dOCLCF$dOCLCO$dOCLCQ$dOCLCO$dOCLCQ$dOCLCO$dAGL
=016  7\$aCAT10931592$2DNAL
=041  0\$aeng$ager
=070  0\$a201$bT34
=072  \0$aX000
=049  \\$aAGLL
=100  1\$aThieme, Friedrich Wilhelm,$d1792-1852.
=245  12$aA new and complete critical dictionary of the English and German languages /$c[At head of title: Thieme-Preusser].
=250  \\$aNew stereotype ed., greatly enl. and improved,$bpublished with the co-operation of H. Breithaupt.
=260  \\$aBaden-Baden :$bHaendcke,$c1883?
=300  \\$a2 volumes in 1
=336  \\$atext$btxt$2rdacontent
=337  \\$aunmediated$bn$2rdamedia
=338  \\$avolume$bnc$2rdacarrier
=650  \0$aEnglish language$vDictionaries$xGerman.
=650  \0$aGerman language$vDictionaries$xEnglish.
=650  \7$aEnglish language.$2fast$0(OCoLC)fst00910920
=650  \7$aGerman language.$2fast$0(OCoLC)fst00941408
=650  \0$aDictionaries, Polyglot.
=650  \3$ainformation sources$9auto-assigned by category code
=655  \7$aDictionaries.$2fast$0(OCoLC)fst01423826
=700  1\$aPreusser, Emil.
=856  41$3Volltext // 2016 digitalisiert von: Bayerische Staatsbibliothek, München. Exemplar mit der Signatur: Augsburg, Staats- und Stadtbibliothek -- Spw 2325$uhttp://www.mdz-nbn-resolving.de/urn/resolver.pl?urn=urn:nbn:de:bvb:12-bsb11281251-9$xResolving-System$zkostenfrei
=930  \\$a20220717$b00000000$c00000000
=946  \\$aNon-US
=959  \\$a$c2022/07/17$ecmartinez$gupgrade


