=LDR  02577cam a2200613Ia 4500
=001  696434
=005  20220516083517.0
=008  950313s1933\\\\xx\\\\\\\\\\\l000\0\eng\d
=035  \\$a(OCoLC)ocm71080738
=035  \\$a696434
=040  \\$aAGL$beng$cAGL$dNTE$dORU$dOCLCA$dOCLCQ$dOCLCO$dOCLCA$dOCL
=016  7\$aCAT10906444$2DNAL
=043  \\$an-us---$an-us-or
=070  0\$a281.2$bP83
=072  \0$aE200
=072  \0$aE500
=049  \\$aAGLL
=110  2\$aPortland Chamber of Commerce (Or.).$bCommittee on Subsistence Homesteads Projects.
=245  10$aReport of the Committee on Subsistence Homesteads Projects, December 5, 1933 /$cPortland Chamber of Commerce, Portland, Oregon.
=260  \\$c1933.
=300  \\$a8 leaves
=336  \\$atext$btxt$2rdacontent
=337  \\$aunmediated$bn$2rdamedia
=338  \\$avolume$bnc$2rdacarrier
=500  \\$aCover title.
=505  0\$aCommittee membership and list of preliminary studies -- Recommendations of National Advisory Committee -- Excerpts from statement of Dr. Hartman -- Summary of survey by Oregon State Agricultural College -- Findings and recommendations of Committee.
=650  \0$aHousing$zUnited States.
=650  \0$aLabor movement$zUnited States.
=650  \0$aWorking class$xHomes and haunts$zUnited States.
=650  \0$aUnemployed$zUnited States.
=650  \0$aAgricultural colonies$zUnited States.
=650  \0$aSubsistence farming$zUnited States.
=650  \0$aHomestead law$zUnited States.
=650  \0$aHousing$zOregon.
=650  \0$aAgricultural colonies$zOregon.
=650  \0$aSubsistence farming$zOregon.
=650  \0$aHomestead law$zOregon.
=650  \7$aUnemployed.$2fast$0(OCoLC)fst01161152
=650  \7$aSubsistence farming.$2fast$0(OCoLC)fst01746153
=650  \7$aLabor movement.$2fast$0(OCoLC)fst00990079
=650  \7$aHousing.$2fast$0(OCoLC)fst00962245
=650  \7$aHomestead law.$2fast$0(OCoLC)fst00959649
=650  \7$aAgricultural colonies.$2fast$0(OCoLC)fst00800583
=650  \3$arural sociology$9auto-assigned by category code
=650  \3$arural economics$9auto-assigned by category code
=650  \3$amicroeconomics$9auto-assigned by category code
=650  \3$afarm management$9auto-assigned by category code
=650  \3$aagricultural economics$9auto-assigned by category code
=651  \7$aUnited States.$2fast$0(OCoLC)fst01204155
=651  \7$aOregon.$2fast$0(OCoLC)fst01204579
=710  2\$aOregon State Agricultural College.
=930  \\$a20220516$b00000000$c00000000
=946  \\$aOther US
=959  \\$a$c2022/05/11$ecmartinez$gupgrade

