=LDR  01691cam a2200433Ia 4500
=001  708192
=005  20220417083516.0
=008  950316s1930\\\\dcu\\\\\\\\\\f000\0\eng\d
=035  \\$a(OCoLC)ocm62293640
=035  \\$a708192
=040  \\$aCBU$beng$cCBU$dAGL$dOCLCQ$dOCLCG$dOCLCQ$dOCLCF$dOCLCO$dOCLCQ$dOCL$dOCLCO
=016  7\$aCAT10708192$2DNAL
=043  \\$an-us---
=070  0\$a157.41$bC336Ce
=072  \0$aX700
=049  \\$aAGLL
=100  1\$aBeckman, Theodore N.,$d1895-1973.
=245  14$aThe census of distribution :$ba series of talks on the distribution structure /$cby Dr. T.N. Beckman.
=246  30$aDistribution
=260  \\$aWashington :$bU.S. G.P.O.,$c1930.
=300  \\$a24 pages ;$c20 cm
=336  \\$atext$btxt$2rdacontent
=337  \\$aunmediated$bn$2rdamedia
=338  \\$avolume$bnc$2rdacarrier
=500  \\$aCover title.
=500  \\$aAt head of title: Form 31--Distribution. U.S. Department of Commerce. Bureau of the Census, Washington.
=500  \\$a" ... delivered before the special supervisors for the census of distribution, manufactures and mines and quarries, as a part of a special training program."
=650  \3$amarket analysis$9auto-assigned by category code
=650  \3$aeconomics$9auto-assigned by category code
=651  \0$aUnited States$vCensus, 15th, 1930.
=650  \0$aMarketing.
=650  \7$aMarketing.$2fast$0(OCoLC)fst01010167
=651  \7$aUnited States.$2fast$0(OCoLC)fst01204155
=648  \7$a1930$2fast
=655  \7$aCensus data.$2fast$0(OCoLC)fst01411644
=710  1\$aUnited States.$bBureau of the Census.
=930  \\$a20220417$b00000000$c00000000
=946  \\$aOther US
=959  \\$a$c2022/04/15$ecmartinez$gupgrade

