=LDR  02103ctm a2200553Ia 4500
=001  703731
=005  20220608083513.0
=008  950315s1943\\\\xx\\\\\\\bm\\\000\0\eng\d
=035  \\$a(OCoLC)ocm30806351
=035  \\$a708197
=035  \\$a703731
=040  \\$aCKM$beng$cCKM$dOCL$dOCLCQ$dAGL$dOCLCQ$dOCLCF$dOCLCO$dOCLCQ$dOCLCO$dOCL$dOCLCO
=016  7\$aCAT10909919$2DNAL
=043  \\$an-use--
=070  0\$a284.391$bK68
=072  \0$aQ005
=072  \0$aE700
=049  \\$aAGLL
=100  1\$aKling, William.
=245  10$aSome factors affecting Northeastern tomato prices /$cWilliam Kling.
=264  \0$c1943.
=300  \\$a134 leaves ;$c28 cm
=336  \\$atext$btxt$2rdacontent
=337  \\$aunmediated$bn$2rdamedia
=338  \\$avolume$bnc$2rdacarrier
=502  \\$bPh. D.$cClark University$d1943
=500  \\$aTypewritten manuscript.
=504  \\$aIncludes bibliographical references.
=650  \0$aTomatoes$xPrices$zNortheastern States.
=650  \0$aPrices$zNortheastern States.
=650  \7$aPrices.$2fast$0(OCoLC)fst01076207
=650  \7$aTomatoes$xPrices.$2fast$0(OCoLC)fst01152412
=650  \3$amarketing$9auto-assigned by category code
=650  \3$adistribution (economics)$9auto-assigned by category code
=650  \3$aagricultural economics$9auto-assigned by category code
=650  \3$aagribusiness$9auto-assigned by category code
=650  \3$aplant-based foods$9auto-assigned by category code
=650  \3$ahorticultural crops$9auto-assigned by category code
=651  \7$aNortheastern States.$2fast$0(OCoLC)fst01242521
=655  \7$adissertations.$2aat$0(CStmoGRI)aatgf300028029
=655  \7$atheses.$2aat$0(CStmoGRI)aatgf300028028
=655  \7$adoctoral dissertations.$2aat$0(CStmoGRI)aatgf300312076
=655  \7$amasters theses.$2aat$0(CStmoGRI)aatgf300077723
=655  \7$aAcademic theses.$2fast$0(OCoLC)fst01726453
=655  \7$aAcademic theses.$2lcgft
=655  \7$aThèses et écrits académiques.$2rvmgf$0(CaQQLa)RVMGF-000001173
=930  \\$a20220608$b00000000$c00000000
=946  \\$aOther US
=959  \\$a$c2022/06/08$ecmartinez$gupgrade


