=LDR  02095cam a2200529Ia 4500
=001  708025
=005  20220422180009.0
=008  950316s1881\\\\dcu\\\\\\s\\\f000\0\eng\d
=035  \\$a(OCoLC)ocm39379235
=035  \\$a708025
=040  \\$aODH$beng$cODH$dOCL$dOCLCQ$dVIC$dAGL$dOCLCQ$dOCLCA$dOCLCF$dOCLCQ$dOCLCO$dOCLCA$dOCL
=016  7\$aCAT10900970$2DNAL
=019  \\$a1029931726$a1035238382
=043  \\$an-us---
=070  0\$a157.4$bC10Ce
=072  \0$aF120
=072  \0$aX100
=086  0\$aI 11.6:C 33
=049  \\$aAGLL
=245  00$aTables showing the cereal production of the United States, by counties, as returned at the census of 1880.
=246  16$aCereal production of the United States, by counties
=260  \\$aWashington :$bG.P.O.,$c1881.
=300  \\$a36 pages ;$c30 cm.
=336  \\$atext$btxt$2rdacontent
=337  \\$aunmediated$bn$2rdamedia
=338  \\$avolume$bnc$2rdacarrier
=490  1\$aExtra census bulletin
=500  \\$aCover title.
=650  \0$aCereal products industry$zUnited States$vStatistics.
=650  \3$amathematics and statistics$9auto-assigned by category code
=650  \3$aplant cultural practices$9auto-assigned by category code
=650  \3$afield crops$9auto-assigned by category code
=650  \3$acrop production$9auto-assigned by category code
=650  \3$aagronomy$9auto-assigned by category code
=651  \0$aUnited States$vCensus$v1880 (10th Census)
=650  \7$aCereal products industry.$2fast$0(OCoLC)fst00851231
=651  \7$aUnited States.$2fast$0(OCoLC)fst01204155
=648  \7$a1880$2fast
=655  \7$aCensus data.$2fast$0(OCoLC)fst01411644
=655  \7$aStatistics.$2fast$0(OCoLC)fst01423727
=710  1\$aUnited States.$bBureau of the Census.
=776  08$iOnline version:$tTables showing the cereal production of the United States, by counties, as returned at the census of 1880.$dWashington : G.P.O., 1881$w(OCoLC)654318218
=830  \0$aExtra census bulletin.
=930  \\$a20220422$b00000000$c00000000
=945  \\$acounties
=946  \\$aOther US
=959  \\$a$c2022/04/22$ecmartinez$gupgrade

