=LDR  02061cam a22004697  4500
=001  694248
=005  20220804180013.0
=008  950310s1932\\\\ne\abef\\bm\\\000\0\dut\d
=035  \\$a(OCoLC)ocm12207755
=035  \\$a694248
=040  \\$aCLU$beng$cCLU$dOCLCQ$dAGL$dOCLCG$dOCLCQ$dOCLCF$dOCLCQ$dOCLCO$dOCLCQ$dOCLCO$dOCLCA$dOCL$dOCLCQ$dOCLCO
=016  7\$aCAT10940304$2DNAL
=041  0\$adut$beng
=043  \\$ae-ne---
=070  0\$a281.172$bV89
=072  \0$aE100
=049  \\$aAGLL
=100  1\$aVooys, A. C. de$q(Adriaan Cornelis),$d1907-
=245  13$aDe trek van de plattelandsbevolking in Nederland;$bbijdrage tot de kennis van de sociale mobiliteit en de horizontale migratie van de plattelandsbevolking,$cdoor Adriaan Cornelis de Vooys ...
=260  \\$aGroningen$bJ.B. Wolters,$c1932.
=300  \\$axii, 195, 2 pages$billustrations, plates, diagrams, 3 folded maps, 2 double diagram, 2 double plans (in pocket)
=336  \\$atext$btxt$2rdacontent
=337  \\$aunmediated$bn$2rdamedia
=338  \\$avolume$bnc$2rdacarrier
=500  \\$a"Summary" in English: p. [186]-190
=502  \\$aProefschrift--Utrecht.
=504  \\$a"Bibliographie": pages 191-195
=650  \3$aagricultural economics$9auto-assigned by category code
=651  \0$aNetherlands$xPopulation.
=650  \0$aAgricultural laborers$zNetherlands.
=650  \0$aUnemployed$zNetherlands.
=650  \7$aAgricultural laborers.$2fast$0(OCoLC)fst00800949
=650  \7$aPopulation.$2fast$0(OCoLC)fst01071476
=650  \7$aUnemployed.$2fast$0(OCoLC)fst01161152
=651  \7$aNetherlands.$2fast$0(OCoLC)fst01204034
=655  \7$aAcademic theses.$2fast$0(OCoLC)fst01726453
=655  \7$aAcademic theses.$2lcgft
=655  \7$aThèses et écrits académiques.$2rvmgf$0(CaQQLa)RVMGF-000001173
=776  08$iOnline version:$aVooys, A.C. de (Adriaan Cornelis), 1907-$tTrek van de plattelandsbevolking in Nederland.$dGroningen [etc.] J.B. Wolters, 1932$w(OCoLC)690551988
=930  \\$a20220804$b00000000$c00000000
=946  \\$aNon-US
=959  \\$a$c2022/07/28$ecmartinez$gupgrade


