=LDR  04237cam a2200805 a 4500
=001  689231
=005  20220419180013.0
=008  950306s1903\\\\enkac\\\\b\\\\001\0deng\\
=010  \\$a   03008927 
=035  \\$a689231
=035  \\$a(OCoLC)ocm00653340
=040  \\$aNLM$beng$cNLM$dCGU$dDLC$dAGL$dAU@$dKRTAS$dZWZ$dUKMGB$dHUV$dOCLCF$dEUW$dOCLCQ$dOCLCO$dOCLCQ$dCNUTO$dUKUOY$dNLM$dOCLCO$dORU$dAUD$dOCLCA$dOCL$dOCLCO$dAGL
=016  7\$aCAT10899291$2DNAL
=019  \\$a29716240$a39221722$a43843932$a57251221$a228770234$a498682076$a638141844$a976902706$a994550247$a1080081411
=029  0\$aNLM$b55410480R
=029  1\$aAU@$b000021452394
=029  1\$aAU@$b000022240413
=029  1\$aAU@$b000023072610
=029  1\$aNZ1$b16328855
=029  1\$aZWZ$b015479048
=029  1\$aUKMGB$b006827160
=041  0\$aeng$heng
=070  0\$a120$bD25Da
=072  \0$aX300
=072  \0$aX000
=084  \\$aXP 1.12 DAR
=049  \\$aAGLL
=100  1\$aDarwin, Charles,$d1809-1882,$eauthor.
=245  10$aMore letters of Charles Darwin :$ba record of his work in a series of hitherto unpublished letters /$cedited by Francis Darwin, fellow of Christ's College, and A.C. Seward, fellow of Emmanuel College, Cabridge ; in two volumes illustrated vol. I[-II].
=260  \\$aLondon :$bJ. Murray,$c1903.
=300  \\$a2 volumes :$billustrations, portraits ;$c23 cm
=336  \\$atext$btxt$2rdacontent
=337  \\$aunmediated$bn$2rdamedia
=338  \\$avolume$bnc$2rdacarrier
=386  \\$aEnglish$aBritons$aMen$aNaturalists$aGeologists$aBiologists$2lcdgt
=388  \\$aNineteenth century$2lcsh
=500  \\$aForms a supplement to, and continuation of, The Life and Letters of Charles Darwin, published in 1887.
=500  \\$aWith portraits of Edward Forbes, Hugh Falconer, Asa Gray, John S. Henslow, Joseph D. Hooker, Thomas H. Huxley, Charles Lyell, Fritz Müller, George J. Romanes, Alfred R. Wallace.
=504  \\$aIncludes bibliographical references and index.
=510  4\$aNLM Hidden treasure$cp. 68
=505  20$gVolume I --$tOutline of Charles Darwin's life, etc. --$gChapter I.$tAn autobiographical fragment, and early letters, 1809-1842 --$gChapter II.$tEvolution, 1844-1858 --$gChapter III.$tEvolution, 1859-1863 --$gChapter IV.$tEvolution, 1864-1869 --$gChapter V.$tEvolution, 1870-1882 --$gChapter VI.$tGeographical distribution, 1843-1867 --$gVolume II --$gChapter VII.$tGeographical distribution, 1867-1882 --$gChapter VIII.$tMan, 1860-1882 --$gChapter IX.$tGeology, 1840-1882 --$gChapter X.$tBotany, 1843-1871 --$gChapter XI.$tBotany, 1863-1881 --$gChapter XII.$tVivisection and miscellaneous subjects, 1867-1882.
=583  1\$aFinite$c2018$5UoY
=600  10$aDarwin, Charles,$d1809-1882$vCorrespondence.
=650  \0$aEvolution.
=650  \0$aNaturalists$zEngland$vCorrespondence.
=600  17$aDarwin, Charles,$d1809-1882.$2fast$0(OCoLC)fst00029136
=650  \7$aEvolution.$2fast$0(OCoLC)fst00917265
=650  \7$aNaturalists.$2fast$0(OCoLC)fst01034543
=650  \3$ainformation sources$9auto-assigned by category code
=650  \3$aBiological Sciences$9auto-assigned by category code
=651  \7$aEngland.$2fast$0(OCoLC)fst01219920
=650  \7$aÉvolution (biologie)$2ram
=650  \7$aCorrespondance anglaise.$2ram
=650  \7$aBiologistes$zAngleterre (GB)$2ram
=653  \\$aFamous Persons
=653  \\$a(DNLM)D005197
=653  \\$aHistory, 19th Century
=653  \\$a(DNLM)D049672
=655  \7$aPersonal correspondence.$2fast$0(OCoLC)fst01919948
=655  \7$aPersonal correspondence.$2lcgft
=655  \7$aBookplates (Provenance)$5CSmH.$2rbprov
=700  1\$aDarwin, Francis,$cSir,$d1848-1925,$eeditor.
=700  1\$aDarwin, Charles,$d1809-1882.$tLife and letters of Charles Darwin.
=776  08$iOnline version:$aDarwin, Charles, 1809-1882.$tMore letters of Charles Darwin.$dLondon : J. Murray, 1903$w(OCoLC)894215699
=856  41$3vol.$uhttp://link.library.utoronto.ca/eir/EIRdetail.cfm?Resources__ID=561399&T=F&Vol=
=856  41$uhttp://link.library.utoronto.ca/eir/EIRdetail.cfm?Resources__ID=512171&T=F
=930  \\$a20220419$b00000000$c00000000
=939  \\$a20191204$b20200106$c00000000
=946  \\$aNon-US
=959  \\$a$c2022/04/19$ecmartinez$gupgrade


