=LDR  01825ctm a2200505 a 4500
=001  690357
=005  20220319083511.0
=008  950309s1933\\\\xx\a\\\\\bm\\\000\0\eng\d
=035  \\$a(OCoLC)ocm27980723
=035  \\$a690357
=040  \\$aIWA$beng$cIWA$dOCL$dOCLCQ$dAGL$dOCLCQ$dOCLCF$dOCLCO$dOCLCQ$dOCLCA$dOCLCQ$dOCLCO$dOCL$dOCLCQ
=016  7\$aCAT10903410$2DNAL
=043  \\$an-us-ia
=070  0\$a280.346$bC11
=072  \0$aE700
=072  \0$aQ002
=049  \\$aAGLL
=072  \0$aE700
=072  \0$aQ002
=100  1\$aCady, Elwyn Loomis,$d1989-
=245  14$aThe development of direct marketing of hogs in Iowa ... /$cby Elwyn Loomis Cady.
=264  \0$c1933.
=300  \\$a301 leaves :$billustrations ;$c29 cm
=336  \\$atext$btxt$2rdacontent
=337  \\$aunmediated$bn$2rdamedia
=338  \\$avolume$bnc$2rdacarrier
=500  \\$aTypescript (photocopy).
=502  \\$bPh. D.$cIowa State College$d1933
=504  \\$aIncludes bibliographical references.
=650  \0$aSwine$xMarketing.
=650  \0$aFarm produce$zIowa$xMarketing.
=650  \7$aFarm produce$xMarketing.$2fast$0(OCoLC)fst00921182
=650  \7$aSwine$xMarketing.$2fast$0(OCoLC)fst01140491
=650  \3$ameat products$9auto-assigned by category code
=650  \3$aanimal-based foods$9auto-assigned by category code
=650  \3$amarketing$9auto-assigned by category code
=650  \3$adistribution (economics)$9auto-assigned by category code
=650  \3$aagricultural economics$9auto-assigned by category code
=650  \3$aagribusiness$9auto-assigned by category code
=651  \7$aIowa.$2fast$0(OCoLC)fst01205835
=655  \7$aAcademic theses.$2fast$0(OCoLC)fst01726453
=655  \7$aAcademic theses.$2lcgft
=930  \\$a20220319$b00000000$c00000000
=946  \\$aOther US
=959  \\$a$c2022/03/19$ecmartinez$gupgrade

