=LDR  01117cam a22003373i 4500
=001  693000
=005  20221007180115.0
=008  950310s1932\\\\xx\\\\\\\\\\\\000\0\ger\d
=035  \\$a(OCoLC)on1289098633
=035  \\$a693000
=040  \\$aAGL$beng$cAGL$dAGL
=016  7\$aCAT10971651$2DNAL
=070  0\$a281.175$bN39
=072  \0$aE100
=049  \\$aAGLL
=100  1\$aNeuhaus, Rudolf,$d1903-
=242  10$aDevelopment tendencies of mountain agriculture /$cRudolf Neuhaus.$yeng
=245  10$aEntwicklungstendenzen der bergischen Landwirtschaft /$cRudolf Neuhaus.
=260  \\$aDüsseldorf :$bNolte,$c1932.
=300  \\$a89 pages :$bcharts, diagrams ;$c23 cm. +$e2 fold
=336  \\$atext$btxt$2rdacontent
=337  \\$aunmediated$bn$2rdamedia
=338  \\$avolume$bnc$2rdacarrier
=650  \0$aHill farming$zGermany.
=650  \0$aAgricultural ecology$zGermany.
=650  \3$aagricultural economics.
=650  \7$aHill farming.$2fast$0(OCoLC)fst00956799
=651  \7$aGermany.$2fast$0(OCoLC)fst01210272
=930  \\$a20221007$b00000000$c00000000
=946  \\$aNon-US
=959  \\$a$c2022/09/28$ecmartinez$gupgrade


