=LDR  01630cam a2200385Ia 4500
=001  697227
=005  20220413180013.0
=008  950313s1932\\\\dcu\\\\\\\\\\f000\0\eng\d
=035  \\$a(OCoLC)ocm17632417
=035  \\$a697227
=040  \\$aAZL$beng$cAZL$dOCL$dOCLCQ$dAGL$dOCLCQ$dOCLCF$dOCLCQ$dOCLCO
=016  7\$aCAT10697227$2DNAL
=070  0\$a282$bUn33
=072  \0$aX700
=072  \0$aD500
=049  \\$aAGLL
=110  1\$aUnited States.$bCongress.$bSenate.$bCommittee on Indian Affairs.
=245  10$aNontaxable Indian lands :$bhearings before a subcommittee of the Committee on Indian Affairs, United States Senate ... S. Res. 282 and S. Res. 432 (71st Cong.).
=260  \\$aWashington :$bU.S. G.P.O.,$c1932.
=300  \\$aiii, 246 pages ;$c23 cm
=336  \\$atext$btxt$2rdacontent
=337  \\$aunmediated$bn$2rdamedia
=338  \\$avolume$bnc$2rdacarrier
=500  \\$a"November 24, 25, 27, 30, and December 1, 1931."
=500  \\$a"A resolution relative to federal aid to states wherein are located Indian lands not subject to taxation."
=650  \0$aIndians of North America$xTaxation.
=650  \0$aIndians of North America$xGovernment relations.
=650  \7$aIndians of North America$xGovernment relations.$2fast$0(OCoLC)fst00969761
=650  \7$aIndians of North America$xTaxation.$2fast$0(OCoLC)fst00969930
=650  \3$alaws and regulations$9auto-assigned by category code
=650  \3$amarket analysis$9auto-assigned by category code
=650  \3$aeconomics$9auto-assigned by category code
=930  \\$a20220413$b00000000$c00000000
=946  \\$aOther US
=959  \\$a$c2022/04/12$ecmartinez$gupgrade

