=LDR  01101cam a2200325Mi 4500
=001  694822
=005  20220512142649.0
=008  950310s1934\\\\xx\\\\\\\\\\\s000\0\eng\d
=035  \\$a(OCoLC)ocm71079808
=035  \\$a694822
=040  \\$aAGL$beng$cAGL$dOCLCQ$dOCLCO$dAGL
=016  7\$aCAT10905115$2DNAL
=070  0\$a281.041$bM58E
=072  \0$aE200
=049  \\$aAGLL
=110  2\$aMichigan State College.$bCollege of Agriculture and Natural Resources.$bFarm Management Department.
=245  10$aEffect of size of farms on farm organization and earnings :$ban analysis of records of 137 farms in central Michigan for 1933 /$cE.B. Hill and C.O. May
=260  \\$c[1934]
=300  \\$a13 pages
=336  \\$atext$btxt$2rdacontent
=337  \\$aunmediated$bn$2rdamedia
=338  \\$avolume$bnc$2rdacarrier
=650  \3$amicroeconomics.
=650  \3$afarm management.
=650  \3$aagricultural economics.
=700  1\$aHill, Elton B.$q(Elton Brainard),$d1894-1980.
=700  1\$aMay, C.O.
=930  \\$a20220512$b00000000$c00000000
=946  \\$aOther US
=959  \\$a$c2022/03/24$ecmartinez$gupgrade

