=LDR  01707cam a22004331a 4500
=001  684085
=005  20220311103259.0
=008  720126t19611950nyua\\\\\\\\\\000\0\eng\\
=010  \\$a   61010086 
=035  \\$a(OCoLC)ocm00228642
=035  \\$a684085
=040  \\$aDLC$beng$cURB$dDLC$dCHS$dSER$dUKM$dAGL$dBTCTA$dOCLCF$dOCLCQ$dOCLCO$dWIC$dEUW$dOCLCQ$dVPI$dCOD$dOCLCO$dOCLCA$dYBM$dOCLCO$dAGL
=015  \\$aGB6109855$2bnb
=016  7\$aCAT11017647$2DNAL
=029  1\$aAU@$b000002688584
=029  1\$aZWZ$b014553457
=070  0\$a440$bJ72 Ed.3 1961
=072  \0$aX300
=049  \\$aAGLL
=245  00$aHandbook of microscopical technique :$bfor workers in animal and plant tissues /$cby thirty-five authors ; edited by Ruth McClung Jones.
=250  \\$a3d ed., rev. and enl.
=260  \\$aNew York :$bHafner Pub. Co.,$c[1961, ©1950]
=300  \\$a790 pages :$billustrations,$c24 cm
=336  \\$atext$btxt$2rdacontent
=337  \\$aunmediated$bn$2rdamedia
=338  \\$avolume$bnc$2rdacarrier
=650  \0$aMicroscopy$xTechnique.
=650  \7$aMicroscopy$xTechnique.$2fast$0(OCoLC)fst01020073
=650  03$aBiological Sciences.
=650  \3$amicroscopy
=653  \\$a(DNLM)D008853
=700  1\$aMcClung, C. E.$q(Clarence Erwin),$d1870-1946,$eeditor.
=700  1\$aJones, Ruth McClung,$eeditor.
=740  0\$aMcClung's handbook of microscopical technique.
=776  08$iOnline version:$aMcClung, Clarence Erwin, 1870-$tHandbook of microscopical technique.$b3d ed., rev. and enl.$dNew York, Hafner Pub. Co. [1961, ©1950]$w(OCoLC)988224244
=930  \\$a20220311$b00000000$c00000000
=939  \\$a20191204$b20200106$c00000000
=946  \\$aOther US
=959  \\$a$c2022/03/09$ecmartinez$gupgrade


