=LDR  02825ctm a2200625Ma 4500
=001  692953
=005  20220608083512.0
=008  950310s1934\\\\xx\ab\\\\m\\\\000\0\ger\d
=035  \\$a(OCoLC)ocn843379319
=035  \\$a692953
=040  \\$aZAP$beng$cZAP$dOCLCQ$dOCLCO$dOCLCF$dOCLCO$dAGL
=016  7\$aCAT10971604$2DNAL
=043  \\$ae-gx---
=070  0\$a281.175$bK96
=072  \0$aE200
=049  \\$aAGLL
=100  1\$aKummer, Hans,$d1902-
=242  04$aThe cultivation of soil in 1913 in the districts located in the province of Saxony, administrative district of Erfurt and Merseburg :$bcounty of Hohenstein, Worbis, Heiligenstadt, Mühlhause, Sangerhausen and d. door Enclaves of Sondershausen, Frankenhausen and Allstedt.$yeng
=245  14$aDer bodenanbau 1913 der in der provinz Sachsen, regierungsbezirk Erfurt und Merseburg gelegenen kreise :$bgrafschaft Hohenstein, Worbis, Heiligenstadt, Mühlhausen, Sangerhausen und der Thüringischen enklaven Sondershausen, Frankenhausen und Allstedt.  /$cHans Kummer
=264  \1$aLeipzig :$bFrommhold & Wendler,$c1934.
=300  \\$a131 pages :$bmaps
=336  \\$atext$btxt$2rdacontent
=337  \\$aunmediated$bn$2rdamedia
=338  \\$avolume$bnc$2rdacarrier
=502  \\$bdoctoral$cUniversitat Leipzig
=502  \\$aInaug.-Diss.--Leipzig.
=502  \\$aInaugural-Dissertation--Leipzig.
=650  \0$aLand use$zGermany.
=650  \0$aTillage$zGermany$zSaxony.
=650  \0$aTillage$zGermany$zErfurt.
=650  \0$aTillage$zGermany$zMerseburg.
=650  \0$aTillage$zGermany$zHohenstein.
=650  \0$aTillage$zGermany$zSangerhausen.
=650  \0$aTillage$zGermany$zSondershausen.
=650  \0$aTillage$zGermany$zAllstedt.
=650  \7$aLand use.$2fast$0(OCoLC)fst00991472
=650  \7$aMicroeconomics.$2fast$0(OCoLC)fst01019730
=650  \7$aTillage.$2fast$0(OCoLC)fst01150952
=650  \3$amicroeconomics$9auto-assigned by category code
=650  \3$afarm management$9auto-assigned by category code
=650  \3$aagricultural economics$9auto-assigned by category code
=651  \7$aGermany.$2fast$0(OCoLC)fst01210272
=651  \7$aGermany$zAllstedt.$2fast$0(OCoLC)fst01300541
=651  \7$aGermany$zErfurt.$2fast$0(OCoLC)fst01227313
=651  \7$aGermany$zHohenstein.$2fast$0(OCoLC)fst01254729
=651  \7$aGermany$zMerseburg.$2fast$0(OCoLC)fst01220950
=651  \7$aGermany$zSangerhausen.$2fast$0(OCoLC)fst01264056
=651  \7$aGermany$zSaxony.$2fast$0(OCoLC)fst01233658
=651  \7$aGermany$zSondershausen.$2fast$0(OCoLC)fst0126988
=655  \7$aAcademic theses.$2lcgft
=655  \7$aAcademic theses.$2fast$0(OCoLC)fst01726453
=655  \7$aThèses et écrits académiques.$2rvmgf$0(CaQQLa)RVMGF-000001173
=930  \\$a20220608$b00000000$c00000000
=946  \\$aNon-US
=959  \\$a$c2022/06/07$ecmartinez$gupgrade


