=LDR  01629cam a2200433Mi 4500
=001  683744
=005  20220523180022.0
=008  950202s1913\\\\xx\\\\\\\\\\\\000\0\eng\d
=010  \\$a   13015345 
=035  \\$a(OCoLC)ocm71075098
=035  \\$a683744
=040  \\$aAGL$beng$cAGL$dOCLCQ$dOCLCA$dOCLCQ$dOCLCO$dAGL
=016  7\$aCAT10739697$2DNAL
=043  \\$an-us---
=070  0\$a72$bB54
=072  \0$aF120
=072  \0$aE100
=049  \\$aAGLL
=100  1\$aBivins, Frank Jarris,$d1872-
=245  14$aThe farmer's political economy.$b"The dead horse in our spring branch." Farmer Dan Luke's exposure of cotton marketing /$cFrank Jarris Bivins.
=264  \1$a[Macon, Ga.] : b [Randall Print. Co.],$c[©1913]
=300  \\$a89 pages :$bplates ;$c18 cm
=336  \\$atext$btxt$2rdacontent
=337  \\$aunmediated$bn$2rdamedia
=338  \\$avolume$bnc$2rdacarrier
=530  \\$aAlso available in digital form on the Internet Archive Web site.
=650  \0$aCotton trade$zUnited States.
=650  \7$aCotton trade.$2fast$0(OCoLC)fst00881080
=650  \3$aagricultural economics$9auto-assigned by category code
=650  \3$aplant cultural practices$9auto-assigned by category code
=650  \3$afield crops$9auto-assigned by category code
=650  \3$acrop production$9auto-assigned by category code
=650  \3$aagronomy$9auto-assigned by category code
=651  \7$aUnited States.$2fast$0(OCoLC)fst01204155
=655  \3$aInternet resource
=856  41$uhttp://hdl.loc.gov/loc.gdc/scd0001.00272928800
=930  \\$a20220523$b00000000$c00000000
=946  \\$aNon-US
=959  \\$a$c2022/05/22$ecmartinez$gupgrade


