=LDR  01267cam a2200325Ii 4500
=001  698728
=005  20220512142649.0
=008  950313s1933\\\\gw\af\\\\m\\\\000\0\ger\d
=035  \\$a(OCoLC)ocm39640644
=035  \\$a698728
=040  \\$aNDD$beng$cNDD$dOCL$dOCLCQ$dAGL$dOCLCQ$dOCLCO$dOCLCF$dAGL
=016  7\$aCAT10971784$2DNAL
=070  0\$a281.177$bT71
=072  \0$aE100
=049  \\$aAGLL
=100  1\$aTřebický, J.
=242  04$aThe alpine economy of Czechoslovakia, taking into account its connection with today's agricultural organization of the state.$yeng
=245  14$aDie alpwirtschaft der tschechoslowakei unter berucksichtigung ihres zusammenhanges mit der heutigen land-wirtschaftlichen organisation des staates /$cJan Tŕebický
=264  \1$aKolin :$bJ.L. Bayer,$c1933.
=300  \\$a112 pages :$bplates ;$c24 cm
=336  \\$atext$btxt$2rdacontent
=337  \\$aunmediated$bn$2rdamedia
=338  \\$avolume$bnc$2rdacarrier
=502  \\$bPh. D.$cMunich Technical University
=650  \3$aagricultural economics$9auto-assigned by category code
=655  \7$aAcademic theses.$2lcgft
=655  \7$aAcademic theses.$2fast$0(OCoLC)fst01726453
=930  \\$a20220512$b00000000$c00000000
=946  \\$aNon-US
=959  \\$a$c2022/04/05$ecmartinez$gupgrade


