=LDR  01822cam a2200505 a 4500
=001  699202
=005  20220705180009.0
=008  950313s1928\\\\ja\abf\\\s\\\f000\0\jpn\\
=010  \\$a   88154885 
=035  \\$a(OCoLC)ocm18745720
=035  \\$a699202
=040  \\$aDLC-R$beng$cDLC$dAGL$dOCLCO$dOCLCF$dOCLCQ$dOCLCO$dOCLCQ$dOCLCO
=016  7\$aCAT10974099$2DNAL
=029  1\$aAU@$b000015287593
=043  \\$aa-ja---
=070  0\$a282$bJ26Ko
=072  \0$aE110
=049  \\$aAGLL
=242  00$aSchedule of schemes concerning the arable land.
=245  00$6880-01$aKōchi ni kansuru shisetsu ichiran.
=260  \\$6880-02$a[Tokyo] :$bNōrinshō Nōmukyoku,$cShōwa 3 [1928]
=300  \\$a2, 16 pages, 36 unnumbered leaves of plates :$bcolor illustrations, maps ;$c27 cm
=336  \\$atext$btxt$2rdacontent
=337  \\$aunmediated$bn$2rdamedia
=338  \\$avolume$bnc$2rdacarrier
=500  \\$aCover title.
=650  \0$aLand use, Rural$zJapan$vStatistics.
=650  \0$aReclamation of land$zJapan$vStatistics.
=650  \0$aFarms$zJapan$vStatistics.
=650  \7$aFarms.$2fast$0(OCoLC)fst00921422
=650  \7$aLand use, Rural.$2fast$0(OCoLC)fst00991587
=650  \7$aReclamation of land.$2fast$0(OCoLC)fst01091410
=650  \3$amacroeconomics
=650  \3$aland use
=650  \3$aland management
=650  \3$aeconomics
=651  \7$aJapan.$2fast$0(OCoLC)fst01204082
=655  \7$aStatistics.$2fast$0(OCoLC)fst01423727
=710  1\$6880-03$aJapan.$bNōrinshō.$bNōmukyoku.
=880  00$6245-01$a耕地ニ關スル施設一覽.
=880  \\$6260-02$a[Tokyo] :$b農林省農務局,$c昭和 3 [1928]
=880  1\$6710-03$aJapan.$b農林省.$b農務局.
=930  \\$a20220705$b00000000$c00000000
=946  \\$aNon-US
=959  \\$a$c2022/06/23$ecmartinez$gupgrade


