=LDR  02214cam a2200565 a 4500
=001  692190
=005  20220913083532.0
=008  950310s1983\\\\mbc\\\\\\b\\\\000\0\eng\\
=016  7\$aCAT10906809$2DNAL
=035  \\$a(OCoLC)ocm15942641
=035  \\$a692190
=040  \\$aNLC$beng$cNLC$dAGL$dKKS$dOCLCF$dNLC$dOCLCO$dAGL
=015  \\$a840012853$2can
=029  0\$aNLC$b000003949331
=043  \\$an-cn---
=070  0\$aHD1785.A1M3$bno.83-1
=070  0\$a281.347$bH43
=072  \0$aE700
=072  \0$aL001
=072  \0$aQ003
=072  \0$aQ103
=072  \0$aE100
=084  \\$acci1icc$2lacc
=049  \\$aAGLL
=100  1\$aLoyns, R. M. A.
=245  10$aVertical effects of marketing board regulation :$bthe case of the Canadian poultry processing industry /$cR.M.A. Loyns, A.J. Begleiter.
=260  \\$aWinnipeg :$bDept. of Agricultural Economics and Farm Management, Faculty of Agriculture, University of Manitoba,$c1983.
=300  \\$aix, 116 p. ;$c28 cm.
=336  \\$atext$btxt$2rdacontent
=337  \\$aunmediated$bn$2rdamedia
=338  \\$avolume$bnc$2rdacarrier
=490  1\$aResearch bulletin ;$vno. 83-1
=504  \\$aBibliography: p. 79-82.
=650  \0$aPoultry$xCooperative marketing$zCanada.
=650  \0$aPoultry$xProcessing$zCanada.
=650  \0$aPoultry industry$zCanada.
=650  \7$aPoultry$xCooperative marketing.$2fast$0(OCoLC)fst01073929
=650  \7$aPoultry industry.$2fast$0(OCoLC)fst01074025
=650  \7$aPoultry$xProcessing.$2fast$0(OCoLC)fst01074000
=650  \3$aagricultural economics$9auto-assigned by category code
=650  \3$afood processing$9auto-assigned by category code
=650  \3$apoultry products$9auto-assigned by category code
=650  \3$aanimal-based foods$9auto-assigned by category code
=651  \7$aCanada.$2fast$0(OCoLC)fst01204310
=700  1\$aBegleiter, A. J.$q(Abraham Jack),$d1949-
=710  2\$aUniversity of Manitoba.$bDepartment of Agricultural Economics and Farm Management.
=830  \0$aResearch bulletin (University of Manitoba. Department of Agricultural Economics and Farm Management) ;$vno. 83-1.
=930  \\$a20220913$b00000000$c00000000
=946  \\$aNon-US
=959  \\$a$c2022/09/09$ecmartinez$gupgrade

