=LDR  02132cam a2200529Mi 4500
=001  692693
=005  20220717083507.0
=008  950310s1931\\\\ru\\\\\\abm\\\000\0\fre\d
=035  \\$a(OCoLC)ocm78269643
=035  \\$a692693
=040  \\$aYUS$beng$cYUS$dOCLCF$dOCLCO$dOCLCQ$dOCLCA$dOCLCQ$dOCLCO$dOCL$dOCLCO$dAGL
=016  7\$aCAT10970195$2DNAL
=041  \\$arum$aeng
=043  \\$ae-rm---
=070  0\$a281.177$bG88
=072  \0$aE100
=049  \\$aAGLL
=100  1\$aGrintzesco, Ernest.
=242  03$aThe problem of agricultural recovery in Romania.$yeng
=245  13$aLe problème du redressement agricole en Roumanie /$cErnest Grintzesco.
=264  \1$aBucarest, Romania :$bImpr. F. Göebl Fils, S.A.,$c1931.
=300  \\$a191 pages ;$c23 cm
=336  \\$atext$btxt$2rdacontent
=337  \\$amicroform$bh$2rdamedia
=338  \\$amicrofilm reel$bhd$2rdacarrier
=490  0\$aStrasbourg. Université. Faculté de droit et des sciences politiques[Publications] Sér. B,$vno. 24
=502  \\$aThèse - Universit́e de Strasbourg.
=504  \\$a"Bibliographie": pages 183-188.
=500  \\$a"Errata" : 1ℓ. laid in.
=650  \0$aLand tenure$zRomania.
=650  \0$aAgriculture$zRomania.
=650  \7$aAgriculture.$2fast$0(OCoLC)fst00801355
=650  \7$aLand tenure.$2fast$0(OCoLC)fst00991362
=650  \3$aagricultural economics$9auto-assigned by category code
=651  \7$aRomania.$2fast$0(OCoLC)fst01205085
=655  \7$adoctoral dissertations.$2aat$0(CStmoGRI)aatgf300312076
=655  \7$amasters theses.$2aat$0(CStmoGRI)aatgf300077723
=655  \7$adissertations.$2aat$0(CStmoGRI)aatgf300028029
=655  \7$atheses.$2aat$0(CStmoGRI)aatgf300028028
=655  \7$aAcademic theses.$2fast$0(OCoLC)fst01726453
=655  \7$aAcademic theses.$2lcgft
=655  \7$aThèses et écrits académiques.$2rvmgf$0(CaQQLa)RVMGF-000001173
=830  \0$aStrasbourg. Université. Faculté de droit et des sciences politiques[Publications] Sér. B,$vno. 24
=930  \\$a20220717$b00000000$c00000000
=946  \\$aNon-US
=959  \\$a$c2022/07/17$ecmartinez$gupgrade
=959  \\$a$c2022/07/11$ecmartinez$gupgrade


