=LDR  01178cam a22003617i 4500
=001  683724
=005  20220526083521.0
=008  950202s1934\\\\xx\\\\\\\\\\\f000\0\eng\d
=035  \\$a(OCoLC)ocm71075079
=035  \\$a683724
=040  \\$aAGL$beng$cAGL$dOCLCO$dOCLCQ$dOCLCO$dAGL
=016  7\$aCAT10900882$2DNAL
=070  0\$a156.856$bAr3
=072  \0$aJ800
=049  \\$aAGLL
=110  1\$aUnited States.$bSoil Conservation Service.$bIllinois Area.
=245  13$aAn area tour of Central Illinois soil erosion area, August 29, 1934.
=264  \0$c1934.
=300  \\$a12 pages
=336  \\$atext$btxt$2rdacontent
=337  \\$aunmediated$bn$2rdamedia
=338  \\$avolume$bnc$2rdacarrier
=500  \\$aIssued at Urbana, Illinois.
=500  \\$aMimeographed.
=650  \0$aSoil erosion$zIllinois.
=650  \0$aSoil science$zIllinois.
=650  \3$asoil science$9auto-assigned by category code
=650  \3$asoil resource management$9auto-assigned by category code
=650  \3$asoil conservation$9auto-assigned by category code
=651  \0$aIllinois$xErosion.
=930  \\$a20220526$b00000000$c00000000
=946  \\$aOther US
=959  \\$a$c2022/05/25$ecmartinez$gupgrade

