=LDR  01392cam a2200373Ma 4500
=001  708330
=005  20220423083511.0
=008  950316s1943\\\\xxu\\\\\\\\\\f000\0\eng\d
=035  \\$a(OCoLC)ocm85252004
=035  \\$a708330
=040  \\$aWAU$beng$cWAU$dOCLCO$dOCLCQ$dAGL
=016  7\$aCAT10901280$2DNAL
=070  0\$a157.45$bF51
=072  \0$aX400
=049  \\$aAGLL
=110  2\$aU.S. Coast and Geodetic Survey.
=245  00$aUnited States Coast and Geodetic Survey first order leveling :$bCentralia to Auburn, Washington /$cU.S. Coast and Geodetic Survey.
=260  \\$a[Place of publication not identified] :$b[publisher not identified],$c1933.
=300  \\$a3 unnumbered pages ;$c27 cm
=336  \\$atext$btxt$2rdacontent
=337  \\$aunmediated$bn$2rdamedia
=338  \\$avolume$bnc$2rdacarrier
=490  1\$aUnited States. Coast and Geodetic Survey. Serial.$v502
=650  \0$aCoasts$zUnited States$vPeriodicals.
=650  \0$aGeodesy$zUnited States$vPeriodicals.
=650  \7$aCoasts.$2fast$0(OCoLC)fst00865801
=650  \7$aGeodesy.$2fast$0(OCoLC)fst00940371
=651  \7$aUnited States.$2fast$0(OCoLC)fst01204155
=653  \0$aphysical sciences
=655  \7$aPeriodicals.$2fast$0(OCoLC)fst01411641
=830  \0$aSerial (U.S. Coast and Geodetic Survey) ;$v502.
=930  \\$a20220423$b00000000$c00000000
=946  \\$aOther US
=959  \\$a$c2022/04/22$ecmartinez$gupgrade

