=LDR  01420cam a2200421Ia 4500
=001  703805
=005  20220312180010.0
=008  950315s1911\\\\vau\\\\\\\\\\\000\0\eng\\
=010  \\$a   11025973 
=035  \\$a(OCoLC)ocm06812921
=035  \\$a703805
=040  \\$aDLC$beng$cKKU$dKKU$dOCLCQ$dAGL$dOCLCF$dOCLCQ$dOCLCO$dAGL
=016  7\$aCAT10910393$2DNAL
=043  \\$an-us---
=070  0\$a285$bC91
=072  \0$aE700
=049  \\$aAGLL
=100  1\$aCummins, Archibald
=245  14$aThe tariff and the farmer.$cRev., 1911, by Archibald Cummins.
=260  \\$aBerryville, Va.,$bHawthorne Association$c[©1911]
=300  \\$a23 pages$c26 cm
=336  \\$atext$btxt$2rdacontent
=337  \\$aunmediated$bn$2rdamedia
=338  \\$avolume$bnc$2rdacarrier
=500  \\$aCover title.
=650  \0$aTariff$zUnited States.
=650  \0$aAgriculture$zUnited States.
=650  \7$aAgriculture.$2fast$0(OCoLC)fst00801355
=650  \7$aTariff.$2fast$0(OCoLC)fst01143154
=650  \3$amarketing.
=650  \3$adistribution (economics)
=650  \3$aagricultural economics.
=650  \3$aagribusiness.
=651  \7$aUnited States.$2fast$0(OCoLC)fst01204155
=776  08$iOnline version:$aCummins, Archibald, 1849-$tTariff and the farmer.$dBerryville, Va., Hawthorne Association [©1911]$w(OCoLC)1021833830
=930  \\$a20220312$b00000000$c00000000
=946  \\$aOther US
=959  \\$a$c2022/03/09$ecmartinez$gupgrade


