=LDR  01045cam a22003374i 4500
=001  691459
=005  20220510083511.0
=008  950320s1927\\\\xx\\\\\\\\\\\\000\0\eng\d
=035  \\$a(OCoLC)ocm71077749
=035  \\$a691459
=040  \\$aAGL$beng$cAGL$dOCLCO$dOCLCQ$dOCLCO$dAGL
=016  7\$aCAT10904746$2DNAL
=070  0\$a281$bC35T
=072  \0$aE100
=049  \\$aAGLL
=110  2\$aChamber of Commerce of the United States of America.$bAgricultural Service.
=245  10$aTypical agricultural projects of chambers of commerce.
=264  \1$c[1927?]
=300  \\$a20 pages
=336  \\$atext$btxt$2rdacontent
=337  \\$aunmediated$bn$2rdamedia
=338  \\$avolume$bnc$2rdacarrier
=650  \0$aAgriculture$xEconomic aspects$zUnited States.
=650  \0$aMicroeconomics.
=650  \0$aFarm management.
=650  \3$aagricultural economics.
=930  \\$a20220510$b00000000$c00000000
=939  \\$a20090526$b20090608$c00000000
=946  \\$aOther US
=959  \\$a$c2022/05/10$ecmartinez$gupgrade
=959  \\$a$c2009/05/26$essouder$gap

