=LDR  02149cam a2200493 i 4500
=001  692145
=005  20220414083514.0
=008  950310s1933\\\\paua\\\\\t\\\\100\0\eng\d
=016  7\$aCAT10692145$2DNAL
=035  \\$a(OCoLC)ocm31696389
=035  \\$a692145
=040  \\$aPR1$beng$cPR1$dOCL$dOCLCQ$dOCLCF$dOCLCQ$dOCLCO$dOCLCQ$dOCLCO$dAGL
=043  \\$an-us-pa
=049  \\$aAGLL
=070  0\$a281.344$bP38Dw
=072  \0$aQ001
=072  \0$aE700
=072  \0$aT000
=110  2\$aPennsylvania State College.$bDepartment of Agricultural Economics.
=245  10$aDistribution and consumption of milk in Williamsport, Pennsylvania /$cT.K. Cowden.
=264  \1$a[Pennsylvania State College]$bPennsylvania Experiment Station,$c1933.
=300  \\$a2 preliminary leaves, 13 leaves$btables, diagram$c28 cm
=336  \\$atext$btxt$2rdacontent
=337  \\$aunmediated$bn$2rdamedia
=338  \\$avolume$bnc$2rdacarrier
=490  1\$aPennsylvania. Agricultural Experiment Station. Technical paper,$vno. 615
=500  \\$aAt head of title: The Pennsylvania State College Agricultural Experiment Station, Department of Agricultural Economics.
=650  \0$aMilk trade$zPennsylvania$zWilliamsport.
=650  \0$aMilk consumption$zPennsylvania$zWilliamsport.
=650  \7$aMilk consumption.$2fast$0(OCoLC)fst01021673
=650  \7$aMilk trade.$2fast$0(OCoLC)fst01021713
=650  \3$ahuman nutrition$9auto-assigned by category code
=650  \3$amarketing$9auto-assigned by category code
=650  \3$adistribution (economics)$9auto-assigned by category code
=650  \3$aagricultural economics$9auto-assigned by category code
=650  \3$aagribusiness$9auto-assigned by category code
=650  \3$adairy products$9auto-assigned by category code
=650  \3$aanimal-based foods$9auto-assigned by category code
=651  \7$aPennsylvania$zWilliamsport.$2fast$0(OCoLC)fst01203005
=700  1\$aCowden, Thomas Kyle,$d1908-
=810  2\$aPennsylvania State College.$bAgricultural Experiment Station.$tTechnical paper$vno. 615.
=930  \\$a20220414$b00000000$c00000000
=946  \\$aOther US
=959  \\$a$c2022/04/12$ecmartinez$gupgrade

