=LDR  01415cam a2200385Mi 4500
=001  698901
=005  20220807083505.0
=008  950313s1930\\\\gw\\\\\\\\\\\\000\0\ger\d
=035  \\$a(OCoLC)on1289159990
=035  \\$a698901
=040  \\$aAGL$beng$cAGL$dAGL
=016  7\$aCAT10972131$2DNAL
=070  0\$a282.2$bUh6
=072  \0$aE110
=049  \\$aAGLL
=100  1\$aUhlemann, Gerhard.
=242  14$aThe more recent rural colonization of the world with special reference to the forms of settlement.$yeng
=245  14$aDie neuere ländliche Kolonisation der Welt unter besonderer Berücksichtigung der Siedlungsformen /$cvon Gerhard Uhlemann.
=264  \1$aDresden :$bH.B. Schulze,$c1930.
=300  \\$a101 p.
=336  \\$atext$btxt$2rdacontent
=337  \\$aunmediated$bn$2rdamedia
=338  \\$avolume$bnc$2rdacarrier
=630  00$aRural$xColonization.
=650  \0$aColonization$xRural conditions.
=650  \3$amacroeconomics$9auto-assigned by category code
=650  \3$aland use$9auto-assigned by category code
=650  \3$aland management$9auto-assigned by category code
=650  \3$aeconomics$9auto-assigned by category code
=651  \0$aGermany$xColonization$xRural conditions.
=650  \7$aColonization.$2fast$0(OCoLC)fst00868483
=651  \7$aGermany.$2fast$0(OCoLC)fst01210272
=930  \\$a20220807$b00000000$c00000000
=946  \\$aNon-US
=959  \\$a$c2022/08/04$ecmartinez$gupgrade


