=LDR  01320cam a22003611i 4500
=001  691591
=005  20220420083514.0
=008  950309s1931\\\\xx\\\\\\\\\\\\000\0\ger\d
=035  \\$a(OCoLC)on1289117462
=035  \\$a691591
=040  \\$aAGL$beng$cAGL$dAGL
=016  7\$aCAT10942203$2DNAL
=070  0\$a280.391$bP19
=072  \0$aE700
=072  \0$aQ005
=049  \\$aAGLL
=100  1\$aPape, Käte,$d1905-
=242  04$aThe economic-geographical bases of the supply of Hamburg with vegetables$yeng
=245  14$aDie wirtschaftsgeographischen grundlagen der versorgung Hamburgs mit gemüse /$cKäte Pape.
=260  \\$c1931.
=300  \\$a1 volume (74 pages) .
=500  \\$aHamburg University, Dissertation.
=650  \0$aAgriculture$xEconomic aspects$zGermany$zHamburg.
=650  \0$aVegetables$zGermany$zHamburg.
=650  \3$aplant-based foods$9auto-assigned by category code
=650  \3$ahorticultural crops$9auto-assigned by category code
=650  \3$amarketing$9auto-assigned by category code
=650  \3$adistribution (economics)$9auto-assigned by category code
=650  \3$aagricultural economics$9auto-assigned by category code
=650  \3$aagribusiness$9auto-assigned by category code
=930  \\$a20220420$b00000000$c00000000
=946  \\$aNon-US
=959  \\$a$c2022/04/20$ecmartinez$gupgrade


