=LDR  01949cam a2200493Mi 4500
=001  701977
=005  20220528083543.0
=008  950314e19300701cau\\\\\\\\\\s000\0\eng\d
=035  \\$a(OCoLC)ocm58744306
=035  \\$a701977
=040  \\$aCAX$beng$cCAX$dAGL$dOCLCQ$dOCLCO$dOCLCF$dOCLCA$dOCLCO
=016  7\$aCAT10910629$2DNAL
=043  \\$an-us-ca$as-bl---
=070  0\$a286$bC122
=072  \0$aE700
=086  \\$aF325.B8$2cadocs
=049  \\$aAGLL
=110  1\$aCalifornia.$bDepartment of Finance.$bBureau of Commerce.
=245  10$aInformation for producers and shippers of agricultural, manufactured, and natural products of California to the Republic of Brazil for the following commodities :$bfruits and nuts, fresh vegetables.
=260  \\$a[Sacramento?] :$b[publisher not identified],$cJuly 1, 1930.
=300  \\$a9 leaves.
=336  \\$atext$btxt$2rdacontent
=337  \\$aunmediated$bn$2rdamedia
=338  \\$avolume$bnc$2rdacarrier
=500  \\$aMimeographed.
=650  \0$aFruit trade$zCalifornia.
=650  \0$aNuts$zCalifornia$xMarketing.
=650  \0$aVegetable trade$zCalifornia.
=650  \0$aExport sales contracts$zCalifornia.
=650  \0$aTariff$zBrazil.
=650  \7$aExport sales contracts.$2fast$0(OCoLC)fst00918736
=650  \7$aFruit trade.$2fast$0(OCoLC)fst00935698
=650  \7$aNuts$xMarketing.$2fast$0(OCoLC)fst01042346
=650  \7$aTariff.$2fast$0(OCoLC)fst01143154
=650  \7$aVegetable trade.$2fast$0(OCoLC)fst01164765
=650  \3$amarketing$9auto-assigned by category code
=650  \3$adistribution (economics)$9auto-assigned by category code
=650  \3$aagricultural economics$9auto-assigned by category code
=650  \3$aagribusiness$9auto-assigned by category code
=651  \7$aBrazil.$2fast$0(OCoLC)fst01206830
=651  \7$aCalifornia.$2fast$0(OCoLC)fst01204928
=930  \\$a20220528$b00000000$c00000000
=946  \\$aOther US
=959  \\$a$c2022/05/27$ecmartinez$gupgrade

