=LDR  01891cam a22004811  4500
=001  696516
=005  20220809083503.0
=008  950313s1934\\\\stk\\\\\\\\\\\000\0\eng\\
=010  \\$a   35022325 
=035  \\$a(OCoLC)ocn232625561
=035  \\$a696516
=040  \\$aDLC$beng$cDLC$dOCLCF$dOCLCA$dOCLCQ$dOCLCA$dOCLCO$dAGL
=016  7\$aCAT109696516$2DNAL
=043  \\$ae-uk-st
=070  0\$a281.345$bSco3
=072  \0$aL100
=072  \0$aE700
=049  \\$aAGLL
=110  1\$aGreat Britain.$bCommittee on Valuation of Sheep Stocks in Scotland.
=245  10$aReport of the Committee on valuation of sheep stocks in Scotland.
=264  \1$aEdinburgh, Scotland :$bPrinted by His Majesty's Stationery Office [by J. & J. Gray],$c[1934?]
=300  \\$a20 pages ;$c25 cm
=336  \\$atext$btxt$2rdacontent
=337  \\$aunmediated$bn$2rdamedia
=338  \\$avolume$bnc$2rdacarrier
=490  1\$aBills. Great Britain. Parliament. (Session 1934-35). House of Commons ;$v59.
=500  \\$aKinross, chairman.
=610  10$aGreat Britain.$bParliament.$bHouse of Commons.
=650  \0$aSheep$zScotland.
=650  \0$aSheep$zGreat Britain.
=650  \7$aSheep.$2fast$0(OCoLC)fst01115460
=650  \3$amarketing$9auto-assigned by category code
=650  \3$adistribution (economics)$9auto-assigned by category code
=650  \3$aagricultural economics$9auto-assigned by category code
=650  \3$aagribusiness$9auto-assigned by category code
=650  \3$aanimal production$9auto-assigned by category code
=651  \7$aScotland.$2fast$0(OCoLC)fst01206715
=700  1\$aKinross, Patrick Balfour,$cBaron,$d1904-1976.
=710  1\$aGreat Britain.$bParliament.$bHouse of Commons.
=830  \0$aBills. Great Britain. Parliament. (Session 1934-35). House of Commons ;$v59.
=930  \\$a20220809$b00000000$c00000000
=946  \\$aNon-US
=959  \\$a$c2022/08/07$ecmartinez$gupgrade

