=LDR  01905cam a2200481 i 4500
=001  686072
=005  20220607180106.0
=008  950213s1929\\\\gw\\\\\\\m\\\\000\0\ger\d
=035  \\$a(OCoLC)ocm31959651
=035  \\$a686072
=040  \\$aLWU$beng$cLWU$dOCLCQ$dAGL$dZCU$dOCLCQ$dOCLCF$dOCLCQ$dOCLCO$dOCLCQ$dOCLCO$dOCL$dOCLCQ$dOCLCO$dAGL
=016  7\$aCAT10920582$2DNAL
=043  \\$ae-gx---
=070  0\$a66$bH982
=072  \0$aF120
=049  \\$aAGLL
=072  \0$aF120
=100  1\$aHuverstuhl, Peter.
=242  04$aThe German beet sugar production under the influence of their customs and tax relationships.$yeng
=245  14$aDie deutsche Rübenzuckergewinnung unter Einwirkung ihrer Zoll- und Steuerverhältnisse /$cPeter Huverstuhl
=264  \1$a[Köln] :$b[Kölner Studentenburse],$c[1929]
=300  \\$avi, 146 pages ;$c23 cm
=336  \\$atext$btxt$2rdacontent
=337  \\$aunmediated$bn$2rdamedia
=338  \\$avolume$bnc$2rdacarrier
=502  \\$cUniversität Köln$d1929
=650  \0$aSugar beet$xEconomic aspects$zGermany.
=650  \0$aBeet sugar industry$zGermany.
=650  \0$aSugar$xTaxation.
=650  \7$aSugar beet$xEconomic aspects.$2fast$0(OCoLC)fst01137333
=650  \7$aBeet sugar industry.$2fast$0(OCoLC)fst00829826
=650  \7$aSugar$xTaxation.$2fast$0(OCoLC)fst01137314
=650  \3$aplant cultural practices$9auto-assigned by category code
=650  \3$afield crops$9auto-assigned by category code
=650  \3$acrop production$9auto-assigned by category code
=650  \3$aagronomy$9auto-assigned by category code
=651  \7$aGermany.$2fast$0(OCoLC)fst01210272
=655  \7$aAcademic theses.$2fast$0(OCoLC)fst01726453
=655  \7$aAcademic theses.$2lcgft
=655  \7$aThèses et écrits académiques.$2rvmgf$0(CaQQLa)RVMGF-000001173
=930  \\$a20220607$b00000000$c00000000
=946  \\$aNon-US
=959  \\$a$c2022/06/07$ecmartinez$gupgrade


