=LDR  01916cam a2200409 i 4500
=001  699909
=005  20220722083504.0
=008  950313s1944\\\\mx\\\\\\\\\\\\000\0\spa\d
=016  7\$aCAT10977968$2DNAL
=035  \\$a(OCoLC)ocm20337459
=035  \\$a699909
=040  \\$aAZS$beng$cAZS$dOCLCQ$dAGL$dOCLCQ$dOCLCF$dOCLCO$dOCLCA$dSNN$dOCLCQ$dOCLCO$dAGL
=043  \\$an-mx---
=070  0\$a284.2$bB224C
=072  \0$aE100
=049  \\$aAGLL
=110  2\$aBanco Nacional de Crédito Ejidal, S. A. (Mexico)
=242  00$aAgricultural credit within the ejido system of Mexico;$bpaper presented by Banco Nacional de Credito Ejidal, S.A.$yeng
=245  13$aEl crédito agrícola dentro del sistema ejidal de México;$bponencia presentada por el Banco nacional de crédito ejidal, s.a.
=264  \1$aMéxico, D.F.,$c1944.
=300  \\$a63 pages, 1 leaf ;$c23 cm
=336  \\$atext$btxt$2rdacontent
=337  \\$aunmediated$bn$2rdamedia
=338  \\$avolume$bnc$2rdacarrier
=490  1\$aPublicaciones del Comité permanente de la segunda Conferencia interamericana de agricultura,$vsección 11A
=650  \0$aAgricultural credit$zMexico.
=650  \0$aAgriculture, Cooperative$zMexico.
=650  \7$aAgricultural credit.$2fast$0(OCoLC)fst00800626
=650  \7$aAgriculture, Cooperative.$2fast$0(OCoLC)fst00801781
=650  \3$aagricultural economics$9auto-assigned by category code
=651  \7$aMexico.$2fast$0(OCoLC)fst01211700
=711  2\$aInter-American Conference on Agriculture$n(2nd :$d1944)
=776  08$iOnline version:$aBanco Nacional de Crédito Ejidal, S.A. (Mexico).$tCrédito agrícola dentro del sistema ejidal de México.$dMéxico, D.F., 1944$w(OCoLC)632468278
=830  \0$aPublicaciones del Comité permanente de la segunda Conferencia interamericana de agricultura ;$vsección 11A.
=930  \\$a20220722$b00000000$c00000000
=946  \\$aNon-US
=959  \\$a$c2022/07/21$ecmartinez$gupgrade


