=LDR  01088cam a2200337Mi 4500
=001  686792
=005  20220411083510.0
=008  950215s1926\\\\xx\\\\\\\\\\\u000\0\chi\d
=035  \\$a(OCoLC)ocm71075653
=035  \\$a686792
=040  \\$aAGL$beng$cAGL$dOCLCO$dOCLCQ
=016  7\$aCAT10686792$2DNAL
=070  0\$a72$bN213
=072  \0$aF120
=049  \\$aAGLL
=072  \0$aF120
=110  1\$aNanjing (Jiangsu Sheng, China).$bNational Central University.$bCollege of Agriculture.$bAgricultural Experiment Station.
=245  10$a(On T. cotton).
=260  \\$c1926.
=300  \\$a6 pages ;$c22 cm
=336  \\$atext$btxt$2rdacontent
=337  \\$aunmediated$bn$2rdamedia
=338  \\$avolume$bnc$2rdacarrier
=500  \\$aChinese.
=650  \3$aplant cultural practices$9auto-assigned by category code
=650  \3$afield crops$9auto-assigned by category code
=650  \3$acrop production$9auto-assigned by category code
=650  \3$aagronomy$9auto-assigned by category code
=930  \\$a20220411$b00000000$c00000000
=946  \\$aNon-US
=959  \\$a$c2022/04/11$ecmartinez$gupgrade

