=LDR  01127cam a2200337Mi 4500
=001  695628
=005  20220921180050.0
=008  950310s1933\\\\xx\\\\\\\\\\\l000\0\eng\d
=035  \\$a(OCoLC)ocm71080322
=035  \\$a695628
=040  \\$aAGL$beng$cAGL$dOCLCQ$dWAU$dAGL
=016  7\$aCAT10905920$2DNAL
=070  0\$a281.179$bM66
=072  \0$aE130
=049  \\$aAGLL
=110  2\$aBelaruskai︠a︡ akadėmii︠a︡ navuk.
=245  14$aThe White-Russian academy of science in the struggle for the raising of crop-yielding capacity
=260  \\$c1933.
=300  \\$a200 pages
=336  \\$atext$btxt$2rdacontent
=337  \\$aunmediated$bn$2rdamedia
=338  \\$avolume$bnc$2rdacarrier
=650  \0$aCrop yields$zBelarus.
=650  \7$aCrop yields.$2fast$0(OCoLC)fst00883937
=650  \3$aproduction economics$9auto-assigned by category code
=650  \3$amacroeconomics$9auto-assigned by category code
=650  \3$aagricultural economics$9auto-assigned by category code
=651  \7$aBelarus.$2fast$0(OCoLC)fst01260637
=930  \\$a20220921$b00000000$c00000000
=946  \\$aNon-US
=959  \\$a$c2022/09/19$ecmartinez$gupgrade


