=LDR  01417cam a22004217i 4500
=001  689132
=005  20220805083506.0
=008  950303s1927\\\\no\\\\\\\s\\\f000\0\nor\d
=035  \\$a(OCoLC)ocm71076355
=035  \\$a689132
=040  \\$aAGL$beng$cAGL$dWAU$dOCLCA$dOCLCQ$dAGL
=016  7\$aCAT10942965$2DNAL
=041  0\$anor$beng
=043  \\$ae-no---
=070  0\$a99.73$bN83
=072  \0$aK250
=049  \\$aAGLL
=110  1\$aNorway.$bStatistisk sentralbyrå.
=242  10$aForestry census for Norway.$yeng
=245  10$aSkogbrukstelling for norge.
=264  \1$aOslo :$b[I kommisjon hos H. Aschehoug],$c1927.
=300  \\$a380 pages
=336  \\$atext$btxt$2rdacontent
=337  \\$aunmediated$bn$2rdamedia
=338  \\$avolume$bnc$2rdacarrier
=490  1\$aNorges offisielle statistikk ;$vRekke
=500  \\$aSummary in English.
=650  \0$aForests and forestry$zNorway$vStatistics.
=650  \7$aForests and forestry.$2fast$0(OCoLC)fst00932632
=650  \3$aforestry$9auto-assigned by category code
=650  \3$aforest mensuration$9auto-assigned by category code
=650  \3$aforest inventory$9auto-assigned by category code
=651  \7$aNorway.$2fast$0(OCoLC)fst01204556
=655  \7$aStatistics.$2fast$0(OCoLC)fst01423727
=830  \0$aNorges offisielle statistikk ;$vRekke.
=930  \\$a20220805$b00000000$c00000000
=946  \\$aNon-US
=959  \\$a$c2022/08/02$ecmartinez$gupgrade


