=LDR  01116cam a2200349Mi 4500
=001  694256
=005  20220520083514.0
=008  950310s1929\\\\fi\\\\\\\\\\\\000\0\fin\d
=035  \\$a(OCoLC)on1289034305
=035  \\$a694256
=040  \\$aAGL$beng$cAGL$dAGL
=015  \\$af489456$2skl
=016  7\$aCAT10940361$2DNAL
=070  0\$a281.170$bJ98
=072  \0$aE100
=049  \\$aAGLL
=100  1\$aJutila, K. T.
=242  00$aImproving the efficiency of our agricultural production.$yeng
=245  10$aMaataloustuotantomme tehostamisesta /$cK.T. Jutila.
=264  \1$aHelsinki :$bMaatalousseurojen keskusliitto,$c1929.
=300  \\$a13 pages.
=336  \\$atext$btxt$2rdacontent
=337  \\$aunmediated$bn$2rdamedia
=338  \\$avolume$bnc$2rdacarrier
=490  1\$aMaatalousseurojen keskusliiton julkaisuja ;$v136
=490  1\$aLentolehtisarja ;$vn:o 18
=650  \0$aAgriculture$xEconomic aspects
=650  \3$aagricultural economics.
=830  \0$aMaatalousseurojen keskusliiton julkaisuja ;$v136
=930  \\$a20220520$b00000000$c00000000
=946  \\$aNon-US
=959  \\$a$c2022/05/12$ecmartinez$gupgrade

