=LDR  01736cam a22004211  4500
=001  66403
=005  20220707083513.0
=008  741114s1937\\\\orua\\\\\b\\\s000\0\eng\\
=010  \\$a   37027612 
=016  7\$aCAT74600849$2DNAL
=035  \\$a66403
=040  \\$aDLC$beng$cDLC$dWAU$dAGL$dSTF$dOCLCF$dOCLCO$dOCLCA$dOCLCQ$dOCLCO$dOCLCQ$dOCLCA
=035  \\$a(OCoLC)07450326
=042  \\$apremarc
=043  \\$an-us-or
=049  \\$aAGLL
=070  \\$aHJ4260.A3 1937
=072  \0$a9005
=110  1\$aOregon.$bSpecial Committee on Timber Taxation.
=245  10$aOregon's timber taxation problems and recommendations toward their solution.$bA report submitted to Honorable Charles H. Martin, governor of Oregon, and to the Legislative assembly. January, 1937.$cBy Special Committee on Timber Taxation appointed by the governor.
=260  \\$a[Salem],$c[1937]
=300  \\$a40 pages$btables, diagrams$c23 cm
=336  \\$atext$btxt$2rdacontent
=337  \\$aunmediated$bn$2rdamedia
=338  \\$avolume$bnc$2rdacarrier
=504  \\$aIncludes bibliographical references (page 40).
=530  \\$aAlso issued online.
=591  \\$bNAL Reclamation
=650  \0$aTaxation$zOregon.
=650  \0$aTimber$zOregon.
=651  \7$aOregon.$2fast$0(OCoLC)fst01204579
=700  1\$aGalloway, Charles V.$q(Charles Vernon),$d1878-1974.$0http://id.loc.gov/authorities/names/n88172750
=776  08$iOnline version:$aOregon. Special Committee on Timber Taxation.$tOregon's timber taxation problems and recommendations toward their solution.$d[Salem, 1937]$w(OCoLC)596337309
=841  \\$ax$b8706030u    0   4   uu   1870603$ez
=852  \\$aDNAL$iHJ4260.A3 1937
=930  \\$a20220707$b00000000$c00000000
=945  \\$aDCB
=946  \\$aOther US

