=LDR  01706cam a22004337i 4500
=001  697187
=005  20220512142649.0
=008  950313s1932\\\\stk\\\\\\\\\\\000\0\eng\d
=035  \\$a(OCoLC)ocm36910286
=035  \\$a697187
=040  \\$aNLW$beng$cNLW$dAGL$dOCLCQ$dOCLCO$dOCLCQ$dAGL
=016  7\$aCAT10907557$2DNAL
=043  \\$ae-uk-st
=070  0\$a282$bSco3
=072  \0$aE200
=072  \0$aD500
=072  \0$aE110
=049  \\$aAGLL
=110  1\$aScotland.$bLand Court.
=245  10$aSmall Landholders (Scotland) Acts, 1886-1931. First schedule (as amended) - memorandum of instructions to sheriff clerks - and third schedule (as amended and extended) - table of exchequer fees to the rules of the Scottish Land Court.
=264  \1$aEdinburgh :$bH.M.S.O.,$c1932.
=300  \\$a1 volume
=336  \\$atext$btxt$2rdacontent
=337  \\$aunmediated$bn$2rdamedia
=338  \\$avolume$bnc$2rdacarrier
=650  \0$aLand tenure$xLaw and legislation$zScotland.
=650  \7$aLand tenure$xLaw and legislation.$2fast$0(OCoLC)fst00991383
=650  \3$amacroeconomics$9auto-assigned by category code
=650  \3$aland use$9auto-assigned by category code
=650  \3$aland management$9auto-assigned by category code
=650  \3$aeconomics$9auto-assigned by category code
=650  \3$alaws and regulations$9auto-assigned by category code
=650  \3$amicroeconomics$9auto-assigned by category code
=650  \3$afarm management$9auto-assigned by category code
=650  \3$aagricultural economics$9auto-assigned by category code
=651  \7$aScotland.$2fast$0(OCoLC)fst01206715
=930  \\$a20220512$b00000000$c00000000
=946  \\$aNon-US
=959  \\$a$c2022/04/06$ecmartinez$gupgrade

