=LDR  01983cam a22004931  4500
=001  707437
=005  20220721083505.0
=008  950316s1942\\\\mau\\\\\\d\\\\000\0\eng\\
=010  \\$aa  42003493 
=016  7\$aCAT10931684$2DNAL
=035  \\$a(OCoLC)ocm02796124
=035  \\$a707437
=040  \\$aNLM$beng$cNLM$dDMM$dUMC$dAGL$dOCLCO$dOCLCF$dOCLCQ$dOCLCO$dOCLCQ$dGILDS$dOCLCO$dCGU$dOCLCO
=016  7\$aCAT107074379$2DNAL
=019  \\$a7914259$a221616921
=029  0\$aNLM$b03911130R
=029  1\$aAU@$b000009409564
=041  0\$aeng$ajpn
=070  0\$a208$bR722 1942
=072  \0$aX000
=049  \\$aAGLL
=100  1\$aRose-Innes, Arthur.
=245  10$aBeginners' dictionary of Chinese-Japanese characters :$bwith common abbreviations, variants and numerous compounds /$ccompiled by Arthur Rose-Innes.
=250  \\$aAmerican Edition.
=260  \\$aCambridge, Mass.,$bHarvard Univ. Press,$c1942.
=300  \\$axix, 507, A1-A25 pages$c19 cm
=336  \\$atext$btxt$2rdacontent
=337  \\$aunmediated$bn$2rdamedia
=338  \\$avolume$bnc$2rdacarrier
=500  \\$aReproduced from second enlarged edition of 1927.
=650  \0$aChinese characters$vDictionaries$xEnglish.
=650  \0$aJapanese language$vDictionaries$xEnglish.
=650  \7$aChinese characters.$2fast$0(OCoLC)fst00857298
=650  \7$aJapanese language.$2fast$0(OCoLC)fst00981565
=650  \3$ainformation sources$9auto-assigned by category code
=655  \7$adictionaries.$2aat$0(CStmoGRI)aatgf300026186
=655  \7$aDictionaries.$2fast$0(OCoLC)fst01423826
=655  \7$aDictionaries.$2lcgft
=655  \7$aDictionnaires.$2rvmgf$0(CaQQLa)RVMGF-000001060
=776  08$iOnline version:$aRose-Innes, Arthur.$tBeginners' dictionary of Chinese-Japanese characters.$bAmerican ed.$dCambridge, Mass., Harvard Univ. Press, 1942$w(OCoLC)578716514
=930  \\$a00000000$b00000000$c20220225
=946  \\$aNon-US
=959  \\$a$c2022/07/20$ecmartinez$gupgrade
=959  \\$a$c2022/02/16$eaxu$gupgrade

