=LDR  03125cam a2200529I  4500
=001  706252
=005  20220817180008.0
=008  950315m19401941dcuab\\\\\\\\f000\0\eng\\
=010  \\$a   40026809 
=035  \\$a(OCoLC)ocm08731416
=035  \\$a706252
=040  \\$aDLC$beng$cSER$dSER$dOCL$dIUL$dOCLCQ$dCUS$dOCLCF$dOCLCO$dOCLCQ$dOCLCO$dOKS$dOCLCO$dAGL
=016  7\$aCAT10930007$2DNAL
=043  \\$acl-----$an-us---
=070  0\$a173$bT17Fo
=072  \0$aE700
=086  0\$aTC 1.2:F 76/2
=049  \\$aAGLL
=110  2\$aUnited States Tariff Commission.
=245  14$aThe foreign trade of Latin America.$bA report on the trade of Latin America with special reference to trade with the United States under the general provisions of section 332, part II, title III, Tariff act of 1930 ...
=260  \\$aWashington,$c1940-41.
=260  \\$c1940.
=300  \\$a3 volumes in 23.$bfrontispieces, illustrations (maps) tables, diagrams$c25 cm
=300  \\$a3 v. ;$ccm. +$e1 supplement.
=336  \\$atext$btxt$2rdacontent
=337  \\$aunmediated$bn$2rdamedia
=338  \\$avolume$bnc$2rdacarrier
=500  \\$aReproduced from a typewritten copy.
=500  \\$aRevised edition issued in 1942 as its Report 146, Second series.
=500  \\$aIssued also in Spanish.
=505  0\$apt. I. Trade of Latin America with the world and with the United States. 1 v. --pt. II. Commercial policies and trade relations of individual Latin American countries. sect. 1. Argentina. sect. 2. Bolivia. sect. 3. Brazil. sect. 4. Chile. sect. 5. Colombia. sect. 6. Ecuador. sect. 7. Paraguay. sect. 8. Peru. sect. 9. Uruguay. sect. 10. Venezuela. sect. 11. Costa Rica. sect. 12. El Salvador. sect. 13. Guatemala. sect. 14. Honduras. sect. 15. Nicaragua. sect. 16. Panama. sect. 17. Mexico. sect. 18. Cuba. sect. 19. Dominican Republic. sect. 20. Haiti. 20 v. --pt. III. Selected Latin American export commodities. 2 v.
=500  \\$aVol. 2 in 20 sections (individual South American countries) ; v. 3. in 2 sections.
=505  2\$aV. 2, section 1. Argentina -- section 2. Bolivia -- section 3. Brazil -- section 4. Chile -- section 5. Colombia -- section 6. Ecuador -- section 7. Paraguay -- section 8. Peru -- section 9. Uruguay -- section 10. Venezuela -- section 11. Costa Rica -- section 12. El Salvador.
=650  \3$amarketing$9auto-assigned by category code
=650  \3$adistribution (economics)$9auto-assigned by category code
=650  \3$aagricultural economics$9auto-assigned by category code
=650  \3$aagribusiness$9auto-assigned by category code
=651  \0$aLatin America$xCommerce.
=651  \0$aUnited States$xCommerce$zLatin America.
=651  \0$aLatin America$xCommerce$zUnited States.
=650  \7$aCommerce.$2fast$0(OCoLC)fst00869279
=651  \7$aLatin America.$2fast$0(OCoLC)fst01245945
=651  \7$aUnited States.$2fast$0(OCoLC)fst01204155
=776  08$iOnline version:$aUnited States Tariff Commission.$tForeign trade of Latin America.$dWashington, 1940-41$w(OCoLC)620998326]
=930  \\$a20220817$b00000000$c00000000
=946  \\$aOther US
=959  \\$a$c2022/08/10$ecmartinez$gupgrade

