=LDR  01193cam a22003497i 4500
=001  688528
=005  20220730083508.0
=008  950228s1927\\\\xx\\\\\\\\\\\l000\0\eng\d
=035  \\$a(OCoLC)ocm71076152
=035  \\$a688528
=040  \\$aAGL$beng$cAGL$dOCLCO$dOCLCQ$dOCLCO$dAGL
=016  7\$aCAT10737972$2DNAL
=043  \\$an-us-va
=070  0\$a31.3$bP962
=072  \0$aA000
=049  \\$aAGLL
=110  1\$aPulaski County (Va.).$bBoard of Agriculture.
=245  12$aA five year program for the agricultural development of Pulaski County, Virginia.
=260  \\$c1927.
=300  \\$a22 pages
=336  \\$atext$btxt$2rdacontent
=337  \\$aunmediated$bn$2rdamedia
=338  \\$avolume$bnc$2rdacarrier
=650  \0$aAgriculture$zVirginia$zPulaski$xPlanning.
=650  \0$aAgriculture$xEconomic aspects$zVirginia$zPulaski.
=650  \3$aagriculture$9auto-assigned by category code
=650  \7$aAgriculture$xEconomic aspects.$2fast$0(OCoLC)fst00801415
=650  \7$aAgriculture$xPlanning.$2fast$0(OCoLC)fst00801579
=651  \7$aVirginia$zPulaski.$2fast$0(OCoLC)fst01222305
=930  \\$a20220730$b00000000$c00000000
=946  \\$aOther US
=959  \\$a$c2022/07/22$ecmartinez$gupgrade

