=LDR  01782cam a22004577i 4500
=001  686432
=005  20220829083511.0
=008  950214m19329999xx\\\\\\\\\\\l000\0\rus\d
=035  \\$a(OCoLC)ocm71075569
=035  \\$a686432
=040  \\$aAGL$beng$cAGL$dOCLCO$dOCLCQ$dOCLCA$dOCLCO$dAGL
=016  7\$aCAT10925503$2DNAL
=019  \\$a1288992162
=043  \\$ae-ru---
=070  0\$a72$bM852
=072  \0$aF120
=049  \\$aAGLL
=242  00$aNew varieties and types of cotton and their use.$yeng
=245  00$6880-01$aNovye sorta i vidy khlopka i ikh ispolʹzovanie
=264  \0$c1932-
=300  \\$apt. 1-2
=336  \\$atext$btxt$2rdacontent
=337  \\$aunmediated$bn$2rdamedia
=338  \\$avolume$bnc$2rdacarrier
=650  \0$aTextile industry$zRussia (Federation)$zMoscow.
=650  \0$aCotton$xResearch$zRussia.
=650  \3$aplant cultural practices.
=650  \3$afield crops.
=650  \3$acrop production.
=650  \3$aagronomy.
=650  \7$aCotton$xResearch.$2fast$0(OCoLC)fst00880920
=650  \7$aTextile industry.$2fast$0(OCoLC)fst01148828
=651  \7$aRussia.$2fast$0(OCoLC)fst01207312
=651  \7$aRussia (Federation)$zMoscow.$2fast$0(OCoLC)fst01205741
=710  1\$6880-02$aMoscow (Russia).$bTsentralʹnyĭ nauchno-issledovatelʹskiĭ institut tekstilʹnoĭ promyshlennosti (Khlopla, Sektor)
=710  1\$iTranslated as:$aMoscow (Russia).$bCentral Research Institute of Textile Industry (Khlopla, Sector).$lRussian.
=880  00$6245-01$aНовые сорта и виды хлопка и их использование.
=880  1\$6710-02$aМосква.$bЦентральный научно-исследовательский институт текстильной промышленности (Хлопла, Сектор)
=930  \\$a20220829$b00000000$c00000000
=946  \\$aNon-US
=959  \\$a$c2022/08/23$ecmartinez$gupgrade


