=LDR  01924cam a2200445   4500
=001  699007
=005  20220805083506.0
=008  950313s1930\\\\gw\a\\\\\bm\\\000\0\ger\d
=035  \\$a(OCoLC)ocm19760904
=035  \\$a699007
=040  \\$aRQK$beng$cRQK$dOCLCQ$dAGL$dOCLCQ$dOCLCF$dOCLCQ$dOCLCO$dOCLCQ$dOCLCO$dOCL$dOCLCQ$dOCLCO$dAGL
=016  7\$aCAT10972287$2DNAL
=029  1\$aDEBSZ$b056362714
=043  \\$ae-gx---
=070  0\$a284.2$bW834
=072  \0$aE100
=049  \\$aAGLL
=100  1\$aWoelfert, Julius,$d1902-
=242  14$aThe Prussian public savings banks and agricultural credit.$yeng
=245  14$aDie preussischen öffentlichen Sparkassen und der landwirtschaftliche Kredit /$cJulius Woelfert.
=264  \1$aGreifswald ;$aGrimmen in Pommern :$bDruck :$bGrimmer Kreiszeitung,$c1930.
=300  \\$a75 pages, 1 leaf including tables ;$c23 cm
=336  \\$atext$btxt$2rdacontent
=337  \\$aunmediated$bn$2rdamedia
=338  \\$avolume$bnc$2rdacarrier
=502  \\$aInaug.-diss.--Greifswald.
=500  \\$aLebenslauf.
=504  \\$a"Literaturverzeichnis": pages 9-11.
=650  \0$aAgricultural credit$zGermany$zPrussia.
=650  \7$aAgricultural credit.$2fast$0(OCoLC)fst00800626
=650  \3$aagricultural economics$9auto-assigned by category code
=651  \7$aGermany$zPrussia.$2fast$0(OCoLC)fst01225278
=655  \7$aAcademic theses.$2fast$0(OCoLC)fst01726453
=655  \7$aAcademic theses.$2lcgft
=655  \7$aThèses et écrits académiques.$2rvmgf$0(CaQQLa)RVMGF-000001173
=776  08$iOnline version:$aWoelfert, Julius, 1902-$tPreussischen öffentlichen sparkassen und der landwirtschaftliche kredit .$dGreitswald, 1930$w(OCoLC)613198451
=856  41$3HathiTrust Digital Library, Limited view (search only)$uhttp://catalog.hathitrust.org/api/volumes/oclc/19760904.html
=930  \\$a20220805$b00000000$c00000000
=946  \\$aNon-US
=959  \\$a$c2022/08/04$ecmartinez$gupgrade


