=LDR  01402cam a2200481Mi 4500
=001  702876
=005  20220315180014.0
=008  950314s1906\\\\xx\\\\\\\\\\\l000\0\eng\d
=035  \\$a(OCoLC)ocm71084873
=035  \\$a702876
=040  \\$aAGL$beng$cAGL$dOCLCO$dOCLCQ$dAGL
=016  7\$aCAT10939479$2DNAL
=070  0\$a287$bSa53M
=072  \0$aE700
=072  \0$aQ004
=072  \0$aR000
=049  \\$aAGLL
=072  \0$aE700
=072  \0$aQ004
=072  \0$aR000
=110  1\$aSan Francisco (Calif.).$bMerchants' Exchange.
=245  10$aRules of grain trade :$brule governing the margin fund : rules of bean trade.
=264  \1$c[1906]
=300  \\$a30 pages
=336  \\$atext$btxt$2rdacontent
=337  \\$aunmediated$bn$2rdamedia
=338  \\$avolume$bnc$2rdacarrier
=650  \0$aGrain trade$zCalifornia$zSan Francisco.
=650  \0$aAgriculture$xEconomic aspects.
=650  \0$aAgricultural industries.
=650  \0$aGrain$xCommerce$zCalifornia$zSan Francisco.
=650  \3$aforage and feed science.
=650  \3$afeeds.
=650  \3$aplant-based foods.
=650  \3$afield crops.
=650  \3$amarketing.
=650  \3$adistribution (economics)
=650  \3$aagricultural economics.
=650  \3$aagribusiness.
=651  \0$aSan Francisco (Calif.)$xCommerce.
=930  \\$a20220315$b00000000$c00000000
=946  \\$aOther US
=959  \\$a$c2022/03/15$ecmartinez$gupgrade

