=LDR  02615cam a22005893i 4500
=001  688306
=005  20220607180105.0
=007  ta
=008  950224s1915\\\\nyua\\\\\\\\\\000\0\eng\c
=010  \\$a   15023071 
=035  \\$a(OCoLC)ocm01157369
=035  \\$a688306
=040  \\$aMIA$beng$cMIA$dOCLCQ$dAGL$dLVB$dDRB$dOCLCG$dKRTAS$dOHDNW$dOCLCF$dOCLCO$dOCLCQ$dU3G$dOCLCO$dOCLCQ$dAGL
=016  7\$aCAT10893054$2DNAL
=019  \\$a1086776348$a1118604454
=029  1\$aAU@$b000027935749
=070  0\$a98$bM45 Ed.2
=072  \0$aP300
=072  \0$aF110
=072  \0$aP300
=072  \0$aF110
=049  \\$aAGLL
=100  1\$aMaynard, Samuel T.$q(Samuel Taylor),$d1844-
=245  10$aLandscape gardening as applied to home decoration /$cby Samuel T. Maynard.
=250  \\$a2nd edition, rewritten and enlarged,$btotal issue, seven thousand.
=264  \1$aNew York :$bJohn Wiley & Sons,$c1915.
=300  \\$axix, 396 pages :$bfrontispiece, illustrations ;$c20 cm
=336  \\$atext$btxt$2rdacontent
=337  \\$aunmediated$bn$2rdamedia
=338  \\$avolume$bnc$2rdacarrier
=650  \0$aLandscape gardening.
=650  \0$aGardens$xDesign.
=650  \7$alandscape gardening.$2aat$0(CStmoGRI)aat300054708
=650  \7$aLandscape gardening.$2fast$0(OCoLC)fst00991916
=650  \3$aplant cultural practices$9auto-assigned by category code
=650  \3$ahorticulture$9auto-assigned by category code
=650  \3$ahorticultural crops$9auto-assigned by category code
=650  \3$acrop production$9auto-assigned by category code
=650  \3$anatural resources$9auto-assigned by category code
=650  \3$aland resources$9auto-assigned by category code
=650  \3$aland management$9auto-assigned by category code
=655  \3$aInternet resource
=776  08$iOnline version:$aMaynard, Samuel T. (Samuel Taylor), 1844-$tLandscape gardening as applied to home decoration.$b2d ed., rewritten and enl.$dNew York, John Wiley & Sons; [etc., etc.] 1915$w(OCoLC)65667416685641
=856  41$3Biodiversity Heritage Library$uhttps://www.biodiversitylibrary.org/bibliography/22190$70
=856  41$3Google$uhttp://books.google.com/books?id=DBIwAAAAYAAJ
=856  41$3HathiTrust Digital Library, Full view$uhttp://catalog.hathitrust.org/api/volumes/oclc/1157369.html
=856  41$3Internet Archive$uhttps://archive.org/details/landsgardhomedeco00maynrich
=856  41$3Open Library$uhttps://openlibrary.org/books/OL7061986M
=856  41$uhttp://nrs.harvard.edu/urn-3:HUL.FIG:001584141
=930  \\$a20220607$b00000000$c00000000
=946  \\$aOther US
=959  \\$a$c2022/06/07$ecmartinez$gupgrade

