=LDR  01714ctm a2200409Ma 4500
=001  693075
=005  20220817180008.0
=008  950310s1931\\\\gw\ab\\\\m\\\\000\0\ger\d
=035  \\$a(OCoLC)ocn843325810
=035  \\$a693075
=040  \\$aZAP$beng$cZAP$dOCLCQ$dOCLCO$dOCLCF$dOCLCO$dAGL
=016  7\$aCAT10971726$2DNAL
=043  \\$ae-pl---
=070  0\$a281.175$bUe1
=072  \0$aE100
=049  \\$aAGLL
=100  1\$aUeberschaer, Walter.
=242  14$aThe development of the Netzebruch in the past and future.$yeng
=245  14$aDie Erschliessung des Netzebruches in Vergangenheit und Zukunft /$cWalter Ueberschaer.
=264  \1$aBerlin[-Nikolasee, Prinz-Friedrich-Leopoldstr. 28]$b[Selbstverl.]$a[Landsberg (Warthe)]$b[Schaeffer]$c1931
=300  \\$a230 pages, [2] leaves :$billustrations, maps ;$c25 cm. .
=502  \\$bdoctoral$cLandwirtschaftliche Hochschule, Berlin
=650  \0$aWetland agriculture$zPoland.
=650  \3$aagricultural economics$9auto-assigned by category code
=651  \0$aPoland$xAgriculture$xEconomic conditions.
=650  \7$aAgriculture$xEconomic conditions.$2fast$0(OCoLC)fst00801484
=650  \7$aWetland agriculture.$2fast$0(OCoLC)fst01174129
=651  \7$aPoland.$2fast$0(OCoLC)fst01206891
=650  \7$aMasters theses.$2aat$0(CStmoGRI)aatgf300028028
=655  \7$adoctoral dissertations.$2aat$0(CStmoGRI)aatgf300312076
=655  \7$adissertations.$2aat$0(CStmoGRI)aatgf300028029
=655  \7$aAcademic theses.$2fast$0(OCoLC)fst01726453
=655  \7$aAcademic theses.$2lcgft
=655  \7$aThèses et écrits académiques.$2rvmgf$0(CaQQLa)RVMGF-000001173
=930  \\$a20220817$b00000000$c00000000
=946  \\$aNon-US
=959  \\$a$c2022/08/11$ecmartinez$gupgrade


