=LDR  02066cam a2200493Ii 4500
=001  688489
=005  20220805083506.0
=008  950227s1937\\\\cauad\\\\b\\\s000\0\eng\c
=010  \\$aagr38000064 
=035  \\$a(OCoLC)ocm05881152
=035  \\$a688489
=040  \\$aLibrary, U.S. Dept. of Agriculture$beng$cVXF$dOCL$dOCLCQ$dAGL$dOCLCF$dOCLCQ$dOCLCO$dAGL
=016  7\$aCAT10893532$2DNAL
=043  \\$an-us---
=070  0\$a99$bB27 1937
=072  \0$aK000
=049  \\$aAGLL
=100  1\$aBarr, Percy M.
=245  12$aA general outline of forestry with special reference to the United States,$cby Percy M. Barr.
=260  \\$a[Berkeley] :$bUniversity of California.,$c1937.
=300  \\$aCover title, ii number leaves, 1. 152 numbered leaves :$bfolded diagram ;$c27 cm
=336  \\$atext$btxt$2rdacontent
=337  \\$aunmediated$bn$2rdamedia
=338  \\$avolume$bnc$2rdacarrier
=490  1\$aUniversity of California syllabus series ;$vsyllabus IH
=500  \\$aRevised by Robert A. Cockrell.
=500  \\$aAt head of title: University of California press. Syllabus I.H.
=504  \\$aBibliographies at end of sections.
=500  \\$aMimeographed.
=530  \\$aAlso issued online.
=500  \\$aCover title.
=504  \\$aIncludes bibliographical references.
=650  \0$aForestry teachers.
=650  \0$aForests and forestry$vOutlines, syllabi, etc.
=650  \0$aForests and forestry$zUnited States$vOutlines, syllabi, etc.
=650  \7$aForests and forestry.$2fast$0(OCoLC)fst00932632
=650  \3$aforestry$9auto-assigned by category code
=651  \7$aUnited States.$2fast$0(OCoLC)fst01204155
=655  \7$aOutlines and syllabi.$2fast$0(OCoLC)fst01423836
=776  08$iOnline version:$aBarr, Percy Munson, 1897-$tGeneral outline of forestry with special reference to the United States.$d[Berkeley] University of California. 1937$w(OCoLC)551567912
=830  \0$aUniversity of California syllabus series ;$vsyllabus IH.
=930  \\$a20220805$b00000000$c00000000
=946  \\$aOther US
=959  \\$a$c2022/08/04$ecmartinez$gupgrade

