=LDR  01749cam a2200433I  4500
=001  707366
=005  20220408083508.0
=008  950316s1929\\\\fr\\\\\\\d\\\\000\0\eng\d
=035  \\$a707366
=040  \\$aRRR$beng$cRRR$dOCLCQ$dAGL$dOCLCG$dOCLCA$dZWZ$dOCLCQ$dOCLCO$dOCLCA$dOCLCF$dOCLCQ$dOCLCO$dOCLCQ$dBP1
=016  7\$aCAT10707366$2DNAL
=035  \\$a(OCoLC)20104647
=041  0\$aeng$afre
=049  \\$aRQIB
=070  0\$a203$bC61 new ed.
=072  \0$aX000
=100  1\$aClifton, E.$q(Ebenezer),$d1805-$ecompiler.$0http://id.loc.gov/authorities/names/no88001760
=245  12$aA new French-English and English-French dictionary,$bcomposed on a new plan ...$cby E. Clifton and A. Grimaux.
=246  3\$aNouveau dictionnaire anglais-franc̦ais et franc̦ais-anglais
=250  \\$aA new ed.$bentirely remodelled and largely increased by J. MacLaughlin ...
=260  \\$aParis,$bGarnier frères$c[1929]
=300  \\$a2 volumes$c28 cm
=336  \\$atext$btxt$2rdacontent
=337  \\$aunmediated$bn$2rdamedia
=338  \\$avolume$bnc$2rdacarrier
=505  0\$a[v. 1] French-English part. A new ed. with supplement ... [by L. Dhaleine].--[v. 2] Anglais-Francais, avec supplément.
=591  \\$bNAL Reclamation
=650  \0$aFrench language$vDictionaries$xEnglish.
=650  \0$aEnglish language$vDictionaries$xFrench.
=650  \3$ainformation sources.
=655  \7$aDictionaries.$2fast$0(OCoLC)fst01423826
=700  1\$aGrimaux, Adrien,$ecompiler.
=700  1\$aMcLaughlin, J.,$eeditor.
=700  1\$aDhaleine, L.,$d1870-$0http://id.loc.gov/authorities/names/no2003069958
=911  \\$ichl00108748
=930  \\$a20220408$b00000000$c00000000
=945  \\$adictionary
=946  \\$aOther US
=959  \\$a$c2022/04/07$ecmartinez$gupgrade


