=LDR  01507cam a2200385Ia 4500
=001  707404
=005  20220423083511.0
=008  950316r19561895enk\\\\\\d\\\\000\0\eng\d
=016  7\$aCAT10931648$2DNAL
=035  \\$a(OCoLC)ocm34099615
=035  \\$a707404
=040  \\$aVRP$beng$cVRP$dOCLCQ$dOCLCG$dOCLCQ$dOCLCO$dOCLCF$dOCLCQ$dOCLCO$dOCLCQ$dOCLCO$dAGL
=041  0\$aeng$agrc
=070  0\$a206.5$bJ26
=072  \0$aX400
=049  \\$aAGLL
=100  1\$aJannaris, Antonius N.$q(Antonius Nicholas),$d1852-1909.
=245  12$aA concise dictionary of the English and Modern Greek languages :$bas actually written and spoken : English-Greek /$cby A.N. Jannaris.
=246  3\$aModern Greek dictionary: English-Greek
=250  \\$a1st ed., Aug., 1895.
=260  \\$aLondon :$bJ. Murray,$g1956 printing.
=300  \\$axvi, 436 pages ;$c17 cm
=336  \\$atext$btxt$2rdacontent
=337  \\$aunmediated$bn$2rdamediaupgrade
=338  \\$avolume$bnc$2rdacarrier
=500  \\$aSpine title: Modern Greek dictionary : English-Greek.
=650  \0$aEnglish language$vDictionaries$xGreek, Modern.
=650  \0$aGreek language, Modern$vDictionaries$xEnglish.
=650  \7$aEnglish language.$2fast$0(OCoLC)fst00910920
=650  \7$aGreek language, Modern.$2fast$0(OCoLC)fst00947364
=650  \3$ainformation sources$9auto-assigned by category code
=655  \7$aDictionaries.$2fast$0(OCoLC)fst01423826
=930  \\$a20220423$b00000000$c00000000
=946  \\$aOther US
=959  \\$a$c2022/04/23$ecmartinez$gupgrade

