=LDR  02074cam a22005537  4500
=001  701705
=005  20220817083554.0
=008  950314s1932\\\\gw\\\\\\\bm\\\000\0\ger\d
=035  \\$a(OCoLC)ocm48035025
=035  \\$a701705
=040  \\$aYUS$beng$cYUS$dAGL$dZCU$dOCLCF$dOCLCQ$dOCLCO$dOCLCQ$dOCLCO$dOCL$dOCLCQ$dOCLCO$dAGL
=016  7\$aCAT10972430$2DNAL
=019  \\$a48063960
=029  1\$aDEBSZ$b022778489
=029  1\$aNLGGC$b107360365
=043  \\$ae-gx---
=070  0\$a285.359$bSch3
=072  \0$aE700
=072  \0$aQ004
=049  \\$aAGLL
=100  1\$aSchilling, Kurt,$d1879-
=245  14$aDer Getreidezoll als Mittel des deutschen Agrarschutzes /$cKurt Schilling.
=264  \1$aLeipzig :$bHerrmann,$c1932.
=300  \\$a1 volume
=336  \\$atext$btxt$2rdacontent
=337  \\$aunmediated$bn$2rdamedia
=338  \\$avolume$bnc$2rdacarrier
=502  \\$aInaug.-Diss.--Leipzig.
=504  \\$aIncludes bibliographical references (pages 100-103).
=650  \0$aGrain trade$zGermany.
=650  \0$aGrain$xCommerce$zGermany.
=650  \7$aGrain trade.$2fast$0(OCoLC)fst00946068
=650  \3$aplant-based foods$9auto-assigned by category code
=650  \3$afield crops$9auto-assigned by category code
=650  \3$amarketing$9auto-assigned by category code
=650  \3$adistribution (economics)$9auto-assigned by category code
=650  \3$aagricultural economics$9auto-assigned by category code
=650  \3$aagribusiness$9auto-assigned by category code
=651  \7$aGermany.$2fast$0(OCoLC)fst01210272
=655  \7$adoctoral dissertations.$2aat$0(CStmoGRI)aatgf300312076
=655  \7$atheses.$2aat$0(CStmoGRI)aatgf300028028
=655  \7$adissertations.$2aat$0(CStmoGRI)aatgf300028029
=655  \7$amasters theses.$2aat$0(CStmoGRI)aatgf300077723
=655  \7$aAcademic theses.$2fast$0(OCoLC)fst01726453
=655  \7$aAcademic theses.$2lcgft
=655  \7$aThèses et écrits académiques.$2rvmgf$0(CaQQLa)RVMGF-000001173
=930  \\$a20220817$b00000000$c00000000
=946  \\$aNon-US
=959  \\$a$c2022/08/17$ecmartinez$gupgrade


