=LDR  00927cam a2200313Mi 4500
=001  686166
=005  20220717180007.0
=008  950213s1930\\\\ru\\\\\\\\\\\l000\0\rus\d
=035  \\$a(OCoLC)ocm71075469
=035  \\$a686166
=040  \\$aAGL$beng$cAGL$dWAU$dOCLCO$dOCLCQ$dAGL$dOCLCO$dAGL
=016  7\$aCAT10925008$2DNAL
=070  0\$a60.7$bN85
=072  \0$aQ114
=072  \0$aN100
=049  \\$aAGLL
=110  1\$aNovosibirsk (Russia).$bTsentralʹno-Sibirskai︠a︡ selʹskokhozi︠a︡ĭstvennai︠a︡ a︡ opytnai︠a︡ stantsii︠a︡.
=245  10$aNovoe o silose.
=260  \\$c1930.
=300  \\$a93, [2] pages
=336  \\$atext$btxt$2rdacontent
=337  \\$aunmediated$bn$2rdamedia
=338  \\$avolume$bnc$2rdacarrier
=650  \3$aagricultural structures and facilities.
=650  \3$afood storage.
=650  \3$afield crops.
=930  \\$a00000000$b00000000$c20220307
=946  \\$aNon-US
=959  \\$a$c2022/03/25$ecmartinez$gupgrade


