=LDR  01029cam a2200361Mi 4500
=001  703612
=005  20220325083516.0
=008  950315s1928\\\\xx\\\\\\\\\\\l000\0\fre\d
=035  \\$a(OCoLC)ocm71085314
=035  \\$a703612
=040  \\$aAGL$beng$cAGL$dOCLCO$dOCLCQ
=016  7\$aCAT10970718$2DNAL
=070  0\$a287$bH292
=072  \0$aE700
=072  \0$aS200
=072  \0$aD500
=049  \\$aAGLL
=110  1\$aLe Havre (France).$bSociété anonyme des anciens courtiers en coton.
=245  10$aCotton, usages, contrats & règlements ...
=260  \\$c1927.
=300  \\$a1 v. (various pagings)
=336  \\$atext$btxt$2rdacontent
=337  \\$aunmediated$bn$2rdamedia
=338  \\$avolume$bnc$2rdacarrier
=650  \3$alaws and regulations.
=650  \3$anonfood plant products.
=650  \3$amarketing.
=650  \3$adistribution (economics)
=650  \3$aagricultural economics.
=650  \3$aagribusiness.
=930  \\$a20220325$b00000000$c00000000
=946  \\$aNon-US
=959  \\$a$c2022/03/24$ecmartinez$gupgrade


