=LDR  01345cam a22003977  4500
=001  702875
=005  20220325180012.0
=008  950314s1890\\\\mou\\\\\\\\\\\000\0\eng\d
=035  \\$a(OCoLC)ocm47865928
=035  \\$a702875
=040  \\$aYUS$beng$cYUS$dOCLCQ$dAGL$dOCLCQ$dAGL
=016  7\$aCAT10939478$2DNAL
=070  0\$a287$bSa25
=072  \0$aE700
=072  \0$aS200
=049  \\$aAGLL
=072  \0$aE700
=072  \0$aS200
=110  2\$aSaint Louis Cotton Exchange.
=245  10$aConstitution of the St. Louis cotton exchange, with rules, regulations and by-laws
=260  \\$aSt. Louis,$c1890.
=300  \\$a23 pages$c22 cm
=336  \\$atext$btxt$2rdacontent
=337  \\$aunmediated$bn$2rdamedia
=338  \\$avolume$bnc$2rdacarrier
=650  \0$aCotton trade$zMissouri$zSaint Louis.
=650  \7$aCotton trade.$2fast$0(OCoLC)fst00881080
=650  \3$anonfood plant products$9auto-assigned by category code
=650  \3$amarketing$9auto-assigned by category code
=650  \3$adistribution (economics)$9auto-assigned by category code
=650  \3$aagricultural economics$9auto-assigned by category code
=650  \3$aagribusiness$9auto-assigned by category code
=651  \7$aMissouri.$2fast$0(OCoLC)fst01204724
=930  \\$a20220325$b00000000$c00000000
=946  \\$aOther US
=959  \\$a$c2022/03/25$ecmartinez$gupgrade

