=LDR  01485cam a2200421   4500
=001  692977
=005  20220426180013.0
=008  950310s1928\\\\gw\\\\\\\bm\\\000\0\ger\d
=035  \\$a(OCoLC)ocm40531457
=035  \\$a692977
=040  \\$aMUU$beng$cMUU$dOCLCQ$dAGL$dOCLCO$dOCLCF$dOCLCQ$dOCLCO$dOCLCQ$dOCLCO$dOCL$dOCLCQ$dOCLCO$dAGL
=016  7\$aCAT10971628$2DNAL
=029  1\$aDEBSZ$b072657804
=029  1\$aHEBIS$b135105161
=043  \\$ae-gx---
=070  0\$a281.175$bM73
=072  \0$aE100
=049  \\$aAGLL
=100  1\$aMolitor, Joseph,$d1898-
=242  04$aThe farm of the Nims valley in the district of Bitburg.$yeng
=245  14$aDer landwirtschaftliche betrieb des Nimstales im kreise Bitburg /$cJoseph Molitor.
=264  \1$aGiessen :$b(St. Paulus-Dr.),$c1928.
=300  \\$a162 pages ;$c24 cm
=336  \\$atext$btxt$2rdacontent
=337  \\$aunmediated$bn$2rdamedia
=338  \\$avolume$bnc$2rdacarrier
=502  \\$aInaugural dissertation.--Giessen.
=504  \\$aBibliography: unp. d, third leaf
=500  \\$aLebenslauf (Curriculum Vitae).
=650  \0$aAgriculture$zGermany.
=650  \7$aAgriculture.$2fast$0(OCoLC)fst00801355
=650  \3$aagricultural economics$9auto-assigned by category code
=651  \7$aGermany.$2fast$0(OCoLC)fst01210272
=655  \7$aAcademic theses.$2fast$0(OCoLC)fst01726453
=655  \7$aAcademic theses.$2lcgft
=930  \\$a20220426$b00000000$c00000000
=946  \\$aNon-US
=959  \\$a$c2022/04/23$ecmartinez$gupgrade

