=LDR  01768cam a2200457 i 4500
=001  691437
=005  20220531180019.0
=008  950309s1919\\\\enk\\\\\\\\\\\000\0\eng\d
=035  \\$a(OCoLC)ocm39043852
=035  \\$a691437
=040  \\$aNYP$beng$cNYP$dOCL$dAGL$dOCLCQ$dNLW$dAGL
=016  7\$aCAT10904721$2DNAL
=029  1\$aAU@$b000006354405
=043  \\$ae-uk---
=070  0\$a281$bAs3D
=049  \\$aAGLL
=072  \0$aE100
=100  1\$aAshby, Arthur W.
=245  14$aThe development of English agriculture and rural life;$ban introduction to study.$cBy Arthur W. Ashby and Mabel K. Ashby.
=264  \1$aLondon :$bNational Home-Reading Union,$c[1919?]
=300  \\$a32 pages ;$c8 volumes
=336  \\$atext$btxt$2rdacontent
=337  \\$aunmediated$bn$2rdamedia
=338  \\$avolume$bnc$2rdacarrier
=490  1\$aNational Home-Reading Union pamphlets. Science series,$vno. 1
=500  \\$aCover title.
=650  \0$aAgriculture$xEconomic aspects$zGreat Britain.
=650  \0$aRural conditions$xEconomic aspects$zGreat Britain.
=650  \0$aWorld War, 1914-1918$xEconomic aspects$zGreat Britain.
=650  \7$aAgriculture$xEconomic aspects.$2fast$0(OCoLC)fst00801415
=650  \7$aEconomics.$2fast$0(OCoLC)fst00902116
=650  \7$aRural conditions$xEconomic aspects.$2fast$0(OCoLC)fst01101475
=650  \3$aagricultural economics$9auto-assigned by category code
=651  \7$aGreat Britain.$2fast$0(OCoLC)fst01204623
=647  \7$aWorld War$d(1914-1918)$2fast$0(OCoLC)fst01180746
=648  \7$a1914-1918$2fast
=700  1\$aAshby, Mabel K.,$eauthor.
=830  \0$aNational Home-Reading Union pamphlets.$pScience series ;$vno. 1.
=930  \\$a20220531$b00000000$c00000000
=946  \\$aNon-US
=959  \\$a$c2022/05/29$ecmartinez$gupgrade

