=LDR  01658ctm a2200433Ma 4500
=001  694621
=005  20220420083513.0
=008  950310s1933\\\\xx\\\\\\\m\\\\000\0\ger\d
=035  \\$a(OCoLC)ocn843306062
=035  \\$a694621
=040  \\$aZAP$beng$cZAP$dOCLCQ$dOCLCO$dOCLCF$dOCLCO$dAGL
=016  7\$aCAT10942173$2DNAL
=070  0\$a280.360$bD36
=072  \0$aE700
=072  \0$aR000
=049  \\$aAGLL
=100  1\$aDehne, Ernst,$d1904-
=242  04$aThe hay trade in Germany with special consideration of the quality requirements for meadow hay.$yeng
=245  14$aDer Heuhandel in der Deutschland unter besonderer Berucksichtigung der Guteforderungen fur Wiesenheu /$cErnst Dehne
=264  \0$c1933.
=300  \\$a90 pages
=336  \\$atext$btxt$2rdacontent
=337  \\$aunmediated$bn$2rdamedia
=338  \\$avolume$bnc$2rdacarrier
=502  \\$bdoctoral$cLandwirtschaftliche Hochschule Berlin
=650  \0$aHay trade$zGermany.
=650  \0$aAgriculture$xEconomic aspects.
=650  \3$aforage and feed science$9auto-assigned by category code
=650  \3$afeeds$9auto-assigned by category code
=650  \3$amarketing$9auto-assigned by category code
=650  \3$adistribution (economics)$9auto-assigned by category code
=650  \3$aagricultural economics$9auto-assigned by category code
=650  \3$aagribusiness$9auto-assigned by category code
=655  \7$aAcademic theses.$2fast$0(OCoLC)fst01726453
=655  \7$aAcademic theses.$2lcgft
=655  \7$aThèses et écrits académiques.$2rvmgf$0(CaQQLa)RVMGF-000001173
=930  \\$a20220420$b00000000$c00000000
=946  \\$aNon-US
=959  \\$a$c2022/04/20$ecmartinez$gupgrade


