=LDR  01975cam a2200433 a 4500
=001  697224
=005  20220312083514.0
=008  950313s1932\\\\dcu\\\\\\\\\\f000\0\eng\d
=035  \\$a(OCoLC)ocm16670507
=035  \\$a697224
=040  \\$aTRN$beng$cTRN$dOCLCQ$dAGL$dWAU$dOCLCQ$dOCLCF$dOCLCQ$dOCLCO$dOCLCQ
=016  7\$aCAT10907593$2DNAL
=043  \\$an-us-nm
=070  0\$a282$bUn31A
=072  \0$aX700
=072  \0$aD500
=086  0\$aY 4.In 2/1:P 96/2
=049  \\$aAGLL
=110  1\$aUnited States.$bCongress.$bHouse.$bCommittee on Indian Affairs.
=245  10$aAuthorization of appropriations to pay in part the liability of the United States to certain pueblos.$bHearings before the Committee on Indian affairs, House of representatives, Seventy-second Congress, first session, on H.R. 9071. February 17, 1932 ...
=260  \\$aWashington,$bU.S. Govt. Print. Off.,$c1932.
=300  \\$a1 preliminary leaf, 198 pages$c23 cm
=336  \\$atext$btxt$2rdacontent
=337  \\$aunmediated$bn$2rdamedia
=338  \\$avolume$bnc$2rdacarrier
=490  0\$a[No.] 597
=500  \\$aIncludes hearings of Feb. 18 and 19. Edgar Howard, chairman.
=650  \0$aIndians of North America$zNew Mexico.
=650  \0$aIndians of North America$xClaims.
=650  \7$aIndians of North America.$2fast$0(OCoLC)fst00969633
=650  \3$alaws and regulations$9auto-assigned by category code
=650  \3$amarket analysis$9auto-assigned by category code
=650  \3$aeconomics$9auto-assigned by category code
=651  \7$aNew Mexico.$2fast$0(OCoLC)fst01204269
=655  \7$aClaims.$2fast$0(OCoLC)fst01774244
=776  08$iOnline version:$aUnited States. Congress. House. Committee on Indian Affairs.$tAuthorization of appropriations to pay in part the liability of the United States to certain pueblos.$dWashington, U.S. Govt. Print. Off., 1932$w(OCoLC)894904289
=930  \\$a20220312$b00000000$c00000000
=946  \\$aOther US
=959  \\$a$c2022/03/09$ecmartinez$gupgrade

