=LDR  02470cam a2200517I  4500
=001  703520
=005  20220531180019.0
=008  950315s1911\\\\nyuc\\\\\\\\\\000\0\eng\d
=035  \\$a(OCoLC)ocm00920316
=035  \\$a703520
=040  \\$aITD$beng$cITD$dOCL$dOCLCQ$dDIBAM$dAGL$dOCLCQ$dOCLCG$dKRTAS$dOCLCQ$dOCLCF$dOCLCO$dOCLCQ$dOCLCO$dNLC$dOCLCQ$dALV$dB3G$dOCLCO$dAGL
=015  \\$a811009459$2can
=016  7\$aCAT10931522$2DNAL
=019  \\$a280613$a37721295$a1053929104$a1282053948
=020  \\$a9781293775820
=020  \\$a1293775827
=029  1\$aNLC$b000002647446
=070  0\$a200$bR63M
=072  \0$aX000
=084  \\$acci1icc$2lacc
=049  \\$aAGLL
=100  1\$aMawson, C. O. Sylvester$q(Christopher Orlando Sylvester),$d1870-1938,$eeditor.
=245  10$aRoget's Thesaurus of English words and phrases$bclassified and arranged so as to facilitate the expression of ideas and assist in literary composition /$cedited by C.O. Sylvester Mawson.
=260  \\$aNew York$bThomas Y. Crowell Co.$c[1911]
=300  \\$axxxiv, 653 pages$bincluding frontispiece (portrait)$c24 cm
=336  \\$atext$btxt$2rdacontent
=337  \\$aunmediated$bn$2rdamedia
=338  \\$avolume$bnc$2rdacarrier
=500  \\$aOn cover: Large type edition.
=500  \\$aBased of Thesaurus of English words and phrases by Peter Mark Roget. cf. Editors preface.
=650  \0$aEnglish language$xSynonyms and antonyms.
=650  \0$aThesauri$xSynonyms and antonyms.
=650  \7$aEnglish language$xSynonyms and antonyms.$2fast$0(OCoLC)fst00911847
=650  \7$aThesauri.$2fast$0(OCoLC)fst01149946
=650  \7$aEnglish language$xSynonyms and antonyms.$2nli
=650  \3$ainformation sources.
=655  \3$aInternet resource
=700  1\$aRoget, Peter Mark,$d1779-1869.$tThesaurus of English words and phrases.
=776  08$iOnline version:$aMawson, C.O. Sylvester (Christopher Orlando Sylvester), 1870-1938.$tRoget's Thesaurus of English words and phrases.$dNew York Thomas Y. Crowell Co. [1911]$w(OCoLC)609479707
=856  41$3Google$uhttp://books.google.com/books?id=294RAAAAIAAJ
=856  41$3HathiTrust Digital Library, Full view$uhttp://catalog.hathitrust.org/api/volumes/oclc/920316.html
=856  41$3Internet Archive$uhttps://archive.org/details/rogetsthesauruso00mawsrich
=856  41$3Open Library$uhttps://openlibrary.org/books/OL14039916M
=930  \\$a20220531$b00000000$c00000000
=946  \\$aOther US
=959  \\$a$c2022/05/31$ecmartinez$gupgrade

