=LDR  01533ctm a2200421Ma 4500
=001  698904
=005  20220802180038.0
=008  950313s1931\\\\gw\\\\\\\m\\\\000\0\ger\d
=035  \\$a(OCoLC)ocn843305629
=035  \\$a698904
=040  \\$aZAP$beng$cZAP$dOCLCQ$dOCLCO$dOCLCF$dOCLCO$dAGL
=016  7\$aCAT10972134$2DNAL
=043  \\$ae-gx---
=070  0\$a282.2$bW74
=072  \0$aE110
=049  \\$aAGLL
=100  1\$aWirth, Hermann.
=242  00$aSignificance, installation costs, profitability and organization of the commercial garden settlement.$yeng
=245  10$aBedeutung, Einrichtungskosten, Rentabilität und Organisation der Erwerbsgartensiedlung /$cHermann Wirth.
=264  \1$aBerlin :$b[Parey],$c1931.
=300  \\$a86 pages ;$c23 cm
=336  \\$atext$btxt$2rdacontent
=337  \\$aunmediated$bn$2rdamedia
=338  \\$avolume$bnc$2rdacarrier
=500  \\$aBerlin, Landw. Hochsch., Diss. - Teil 1 ersch. auch in: Berichte über Landwirtschaft, Bd. 15.
=502  \\$bdoctoral$cLandwirtschaftliche Hochschule zu Berlin
=650  \0$aQuantity surveying$zGermany.
=650  \3$amacroeconomics.
=650  \3$aland use.
=650  \3$aland management.
=650  \3$aeconomics.
=655  \7$aAcademic theses.$2fast$0(OCoLC)fst01726453
=655  \7$aAcademic theses.$2lcgft
=655  \7$aThèses et écrits académiques.$2rvmgf$0(CaQQLa)RVMGF-000001173
=930  \\$a20220802$b00000000$c00000000
=946  \\$aNon-US
=959  \\$a$c2022/08/02$ecmartinez$gupgrade
=959  \\$a$c2022/03/09$ecmartinez$gupgrade


