=LDR  00924cam a2200265Mi 4500
=001  693086
=005  20220426180012.0
=008  950310s1931\\\\xx\\\\\\\m\\\\000\0\ger\d
=035  \\$a(OCoLC)on1288977359
=035  \\$a693086
=040  \\$aAGL$beng$cAGL
=016  7\$aCAT10971737$2DNAL
=070  0\$a281.175$bW48
=072  \0$aE100
=049  \\$aAGLL
=100  1\$aWendenburg, Adolf,$d1899-
=242  00$aSoil cultivation in 1913 in the districts of Merseburg, Weissenfels, Naumburg, Querfurt and Zeitz.$yeng
=245  14$aDer bodenanbau 1913 in den kreisen Merseburg, Weissenfels, Naumburg, Querfurt und Zeitz /$cAdolf Wendenburg.
=264  \1$aLeisnig :$bDruck von A. Feiste,$c1931.
=300  \\$a72 pages.
=650  \0$aAgriculture$xEconomic aspects.
=650  \3$aagricultural economics$9auto-assigned by category code
=930  \\$a20220426$b00000000$c00000000
=946  \\$aNon-US
=959  \\$a$c2022/04/21$ecmartinez$gupgrade

