=LDR  01556cam a22003851i 4500
=001  699775
=005  20220425083510.0
=008  950313s1914\\\\mx\\\\\\\\\\\\100\0\spa\d
=035  \\$a(OCoLC)ocm25166280
=035  \\$a699775
=040  \\$aRQL$beng$cRQL$dEL{dollar}$dOCL$dOCLCQ$dAGL$dOCLCG$dOCLCQ$dOCLCO$dAGL
=016  7\$aCAT10977801$2DNAL
=043  \\$an-mx---
=070  0\$a282$bC82
=072  \0$aE110
=049  \\$aAGLL
=100  1\$aCossío, José L.$q(José Lorenzo),$d1864-1941.
=242  00$aMonopoly and division of rural property.$bConference given by Mr. Lic. Jose L. Cossio on the night of July 6, 1914, in the meeting room of the Mexican agricultural society.$yeng
=245  10$aMonopolio y fraccionamiento de la propiedad rústica.$bConferencia dada por el Sr. Lic. Jose L. Cossio la noche del 6 de julio de 1914, en la sala de sesiones de la sociedad agrícola mexicana.
=260  \\$aMexico,$bTip. de J.M. Linares,$c1914.
=300  \\$a16 pages
=300  \\$a35, 16 pages
=336  \\$atext$btxt$2rdacontent
=337  \\$aunmediated$bn$2rdamedia
=338  \\$avolume$bnc$2rdacarrier
=650  \0$aLand tenure$zMexico.
=650  \0$aLand reform$zMexico.
=650  \3$amacroeconomics$9auto-assigned by category code
=650  \3$aland use$9auto-assigned by category code
=650  \3$aland management$9auto-assigned by category code
=650  \3$aeconomics$9auto-assigned by category code
=651  \0$aMexico$xRural conditions.
=930  \\$a20220425$b00000000$c00000000
=946  \\$aNon-US
=959  \\$a$c2022/04/24$ecmartinez$gupgrade


