=LDR  01304ctm a2200373Ma 4500
=001  700548
=005  20220531180018.0
=008  950314s1922\\\\xxu\\\\\\bm\\\000\0\eng\d
=035  \\$a(OCoLC)ocm45134572
=035  \\$a700548
=040  \\$aCGU$beng$cCGU$dOCLCQ$dAGL$dOCLCQ$dOCLCF$dOCLCO$dOCLCQ$dOCLCO$dOCL$dAGL
=016  7\$aCAT10908941$2DNAL
=043  \\$an-us---
=070  0\$a284.2$bC832
=049  \\$aAGLL
=072  \0$aE100
=100  1\$aCowden, Dudley J.,$d1899-1987.
=245  10$aAgricultural credit policies of country banks /$cDudely Cowden.
=264  \0$c1922.
=300  \\$a89 leaves (1 volume)
=336  \\$atext$btxt$2rdacontent
=337  \\$aunmediated$bn$2rdamedia
=338  \\$avolume$bnc$2rdacarrier
=502  \\$bM.A.$cUniversity of Chicago, Department of Commerce and Administration
=504  \\$aIncludes bibliographical references.
=650  \0$aAgricultural credit$zUnited States.
=650  \7$aAgricultural credit.$2fast$0(OCoLC)fst00800626
=650  \3$aagricultural economics$9auto-assigned by category code
=651  \7$aUnited States.$2fast$0(OCoLC)fst01204155
=655  \7$aAcademic theses.$2lcgft
=655  \7$aAcademic theses.$2fast$0(OCoLC)fst01726453
=930  \\$a20220531$b00000000$c00000000
=946  \\$aOther US
=959  \\$a$c2022/05/29$ecmartinez$gupgrade

