=LDR  01653cam a2200373Ia 4500
=001  703067
=005  20220722180007.0
=008  950314s1897\\\\dcub\\\\\\\\\\000\0\eng\d
=035  \\$a(OCoLC)ocm71084993
=035  \\$a703067
=040  \\$aAGL$beng$cAGL$dOCLCG$dWIH$dOCLCF$dOCLCQ$dOCLCO$dAGL
=016  7\$aCAT10939854$2DNAL
=043  \\$an-usm--
=070  0\$a290$bC81
=072  \0$aP200
=049  \\$aAGLL
=100  1\$aCorthell, E. L.$q(Elmer Lawrence),$d1840-1916.
=245  10$aRemarks of Mr. E.L. Corthell, civil engineer, before the Committee on Rivers and Harbors at a meeting held on board steamship Whitney, on the Mississippi River, January 28, 1897, having under consideration ... a bill to provide for the closing of the Pass-à-Loutre Crevasse and for the improvement of the Southwest Pass at and near the mouth of the mississippi River.
=260  \\$aWashington, D.C. :$bGibson Bros., Printers and Bookbinders,$c1897.
=300  \\$a24 pages :$bmap ;$c23 cm
=336  \\$atext$btxt$2rdacontent
=337  \\$aunmediated$bn$2rdamedia
=338  \\$avolume$bnc$2rdacarrier
=651  \0$aMississippi River$xChannelization.
=650  \0$aJetties$zMississippi River.
=650  \3$awater management$9auto-assigned by category code
=650  \3$anatural resources$9auto-assigned by category code
=650  \3$awater resources$9auto-assigned by category code
=650  \7$aJetties.$2fast$0(OCoLC)fst00982509
=650  \7$aStream channelization.$2fast$0(OCoLC)fst01134538
=651  \7$aMississippi River.$2fast$0(OCoLC)fst01240238
=930  \\$a20220722$b00000000$c00000000
=946  \\$aOther US
=959  \\$a$c2022/07/22$ecmartinez$gupgrade


