=LDR  01486cam a22004217a 4500
=001  698940
=005  20220410083515.0
=008  950313s1932\\\\gw\\\\\\\bm\\\000\0\ger\d
=035  \\$a(OCoLC)ocm41053734
=035  \\$a698940
=040  \\$aIL#$beng$cIL#$dOCLCQ$dAGL$dOCLCF$dOCLCQ$dOCLCO$dOCLCQ$dOCLCO$dOCL$dOCLCQ$dOCLCO
=016  7\$aCAT10972187$2DNAL
=043  \\$ae-gx---
=070  0\$a283$bM313
=072  \0$aE100
=049  \\$aAGLL
=072  \0$aE100
=100  1\$aMann, Willi,$d1905-
=245  10$aEntlastung des städtischen arbeitsmarktes durch die landwirtschaft (abgeschlossen im juni 1930) /$cWilli Mann.
=260  \\$aDüren-Rhld :$bDanielewski,$c1932.
=300  \\$a66 pages
=336  \\$atext$btxt$2rdacontent
=337  \\$aunmediated$bn$2rdamedia
=338  \\$avolume$bnc$2rdacarrier
=502  \\$aInaug.-Dissert. Düren-Rhld.
=504  \\$aIncludes bibliographical references.
=650  \0$aUnemployed$zGermany.
=650  \0$aAgriculture$zGermany.
=650  \7$aAgriculture.$2fast$0(OCoLC)fst00801355
=650  \7$aUnemployed.$2fast$0(OCoLC)fst01161152
=650  \3$aagricultural economics$9auto-assigned by category code
=651  \7$aGermany.$2fast$0(OCoLC)fst01210272
=655  \7$aAcademic theses.$2fast$0(OCoLC)fst01726453
=655  \7$aAcademic theses.$2lcgft
=655  \7$aThèses et écrits académiques.$2rvmgf$0(CaQQLa)RVMGF-000001173
=930  \\$a20220410$b00000000$c00000000
=946  \\$aNon-US
=959  \\$a$c2022/04/10$ecmartinez$gupgrade


