=LDR  01518cam a2200409Ia 4500
=001  703894
=005  20220426180013.0
=008  950315s1915\\\\nyu\\\\\\\\\\\001\0\eng\d
=035  \\$a(OCoLC)ocm17684922
=035  \\$a703894
=040  \\$aFBQ$beng$cFBQ$dOCL$dAGL$dOCLCQ$dOCLCO$dAGL
=016  7\$aCAT10910735$2DNAL
=070  0\$a286$bSh4
=072  \0$aE700
=072  \0$aS200
=049  \\$aAGLL
=245  04$aThe Standard telegraphic cipher code for the cotton trade /$crevised and edited by Carl Geller.
=250  \\$a1915 ed.
=260  \\$aNew York :$bSheppherson Pub. Co.,$c1915.
=300  \\$a393 pages ;$c21 cm
=336  \\$atext$btxt$2rdacontent
=337  \\$aunmediated$bn$2rdamedia
=338  \\$avolume$bnc$2rdacarrier
=500  \\$aIncludes index.
=500  \\$aRevised edition of: The standard telegraphic cipher code for the cotton trade / A.B. Shepperson. 1881.
=650  \0$aCipher and telegraph codes.
=650  \0$aCotton$xCommerce.
=650  \3$anonfood plant products$9auto-assigned by category code
=650  \3$amarketing$9auto-assigned by category code
=650  \3$adistribution (economics)$9auto-assigned by category code
=650  \3$aagricultural economics$9auto-assigned by category code
=650  \3$aagribusiness$9auto-assigned by category code
=700  1\$aGeller, Carl.
=700  1\$aShepperson, Alfred B.$tStandard telegraphic cipher code for the cotton trade.
=930  \\$a20220426$b00000000$c00000000
=946  \\$aOther US
=959  \\$a$c2022/04/25$ecmartinez$gupgrade

