=LDR  00895cam a2200301Mi 4500
=001  698253
=005  20220520180016.0
=008  950313s1932\\\\xx\\\\\\\\\\\s100\0\eng\d
=035  \\$a(OCoLC)ocm71081853
=035  \\$a698253
=040  \\$aAGL$beng$cAGL$dOCLCQ$dOCLCO$dOCLCA$dAGL
=016  7\$aCAT10908695$2DNAL
=070  0\$a284$bOh3
=072  \0$aX700
=049  \\$aAGLL
=110  2\$aOhio State University.$bDepartment of Rural Economics.
=245  10$aExpenditures of public funds by local units of government in eleven Ohio counties, 1930.
=260  \\$c1932.
=300  \\$a15 leaves.
=336  \\$atext$btxt$2rdacontent
=337  \\$aunmediated$bn$2rdamedia
=338  \\$avolume$bnc$2rdacarrier
=650  \0$aLand use$zOhio.
=650  \3$amarket analysis.
=650  \3$aeconomics.
=930  \\$a20220520$b00000000$c00000000
=946  \\$aOther US
=959  \\$a$c2022/04/25$ecmartinez$gupgrade

