=LDR  01709cam a2200457Ii 4500
=001  690191
=005  20220819180009.0
=008  950309s1934\\\\ctu\\\\\\\\\\s001\0\eng\d
=035  \\$a(OCoLC)ocm71076874
=035  \\$a690191
=040  \\$aAGL$beng$erda$cAGL$dCZL$dOCLCO$dOCLCF$dOCLCO$dOCLCA$dOCLCO$dAGL
=016  7\$aCAT10903177$2DNAL
=043  \\$an-us-ct
=070  0\$a280.344$bC76
=072  \0$aQ001
=072  \0$aD500
=049  \\$aAGLL
=110  1\$aConnecticut.$bBoard of Milk Control,$eissuing body.
=245  10$aChapter 107a, cum. sup. G.S. :$brules and regulations / Board of Milk Control of the State of Connecticut.
=246  3\$aChapter 107a, cumulative supplement to the general statutes :$brules and regulations
=246  30$aRules and regulations
=250  \\$aRevised to May 15, 1934.
=264  \1$aHartford, Conn. :$b[The State],$c[1934]
=300  \\$a24 pages ;$c15 cm
=336  \\$atext$btxt$2rdacontent
=337  \\$aunmediated$bn$2rdamedia
=338  \\$avolume$bnc$2rdacarrier
=500  \\$aTitle from cover.
=500  \\$aIncludes index.
=590  \\$aHave also Supplement to Book of rules and regulations, revision of Feb. 10, 1935.
=650  \0$aDairy laws$zConnecticut.
=650  \0$aMilk$xPrices$zConnecticut.
=650  \0$aMilk trade$zConnecticut.
=650  \7$aDairy laws.$2fast$0(OCoLC)fst00886925
=650  \3$alaws and regulations$9auto-assigned by category code
=650  \3$adairy products$9auto-assigned by category code
=650  \3$aanimal-based foods$9auto-assigned by category code
=651  \7$aConnecticut.$2fast$0(OCoLC)fst01205688
=930  \\$a20220819$b00000000$c00000000
=946  \\$aOther US
=959  \\$a$c2022/08/19$ecmartinez$gupgrade

