=LDR  01036cam a2200361 i 4500
=001  698959
=005  20220410083514.0
=008  950313s1925\\\\xx\\\\\\\l\\\s000\0\eng\d
=016  7\$aCAT30698959$2DNAL
=035  \\$a(OCoLC)ocm71077011
=035  \\$a698959
=040  \\$aAGL$beng$cAGL$dOCLCO$dOCLCQ$dAGL
=070  0\$a283$bW64
=072  \0$aQ003
=072  \0$aD500
=049  \\$aAGLL
=110  1\$aCalifornia.
=240  10$aLaws, etc.
=245  10$aLaws and regulations governing the sale of eggs in California.
=264  \1$c1925.
=300  \\$a14 pages
=336  \\$atext$btxt$2rdacontent
=337  \\$aunmediated$bn$2rdamedia
=338  \\$avolume$bnc$2rdacarrier
=650  \0$aLaw$xEggs$zCalifornia.
=650  \0$aLegislation$xEggs$zCalifornia.
=650  \3$alaws and regulations.
=650  \3$apoultry products.
=650  \3$aanimal-based foods.
=650  \3$aagricultural economics$9auto-assigned by category code
=930  \\$a20220410$b00000000$c00000000
=946  \\$aNon-US
=959  \\$a$c2022/04/06$ecmartinez$gupgrade

