=LDR  02047cam a2200481 a 4500
=001  706685
=005  20220523180022.0
=008  950315s1935\\\\dcu\\\\\\\\\\f000\0\eng\d
=035  \\$a(OCoLC)ocm22926288
=035  \\$a706685
=040  \\$aDTA$beng$cDTA$dAGL$dOCLCQ$dOCLCF$dOCLCQ$dOCLCO$dOCLCQ$dOCLCO
=016  7\$aCAT10706685$2DNAL
=043  \\$an-us---
=070  0\$aHD9688.U52R33$b1935
=070  0\$a173.2$bR27Stu
=072  \0$aP100
=072  \0$aE560
=049  \\$aAGLL
=072  \0$aE400
=072  \0$aP100
=100  1\$aRall, Udo.
=245  12$aA study of cooperative consumer associations for rural electrification /$c[Udo Rall].
=260  \\$a[Washington, D.C.] :$bDivision of Self-Help Cooperatives, Federal Emergency Relief Administration,$c[1935]
=300  \\$a16 leaves ;$c28 cm
=336  \\$atext$btxt$2rdacontent
=337  \\$aunmediated$bn$2rdamedia
=338  \\$avolume$bnc$2rdacarrier
=650  \0$aRural electrification$zUnited States.
=650  \0$aCooperative societies$zUnited States.
=650  \7$aCooperative societies.$2fast$0(OCoLC)fst00878181
=650  \7$aRural electrification.$2fast$0(OCoLC)fst01101584
=650  \3$anatural resources$9auto-assigned by category code
=650  \3$aenergy resources$9auto-assigned by category code
=650  \3$aeconomics$9auto-assigned by category code
=650  \3$acooperatives$9auto-assigned by category code
=651  \7$aUnited States.$2fast$0(OCoLC)fst01204155
=655  \3$aInternet resource
=710  1\$aUnited States.$bFederal Emergency Relief Administration.$bDivision of Self-Help Cooperatives.
=776  08$iOnline version:$aRall, Udo.$tStudy of cooperative consumer associations for rural electrification.$d[Washington, D.C.] : Division of Self-Help Cooperatives, Federal Emergency Relief Administration, [1935]$w(OCoLC)953313315
=856  41$3HathiTrust Digital Library$uhttp://catalog.hathitrust.org/api/volumes/oclc/22926288.html
=930  \\$a00000000$b00000000$c20220523
=946  \\$aOther US
=959  \\$a$c2022/05/22$ecmartinez$gupgrade

