=LDR  01820cam a2200481Ia 4500
=001  689996
=005  20220920083547.0
=008  950309s1924\\\\arua\\\\\\\\\s000\0\eng\d
=035  \\$a(OCoLC)ocm71076770
=035  \\$a689996
=040  \\$aAGL$beng$cAGL$dAKU$dOCLCQ$dOCLCO$dOCLCF$dOCLCO
=016  7\$aCAT10902959$2DNAL
=043  \\$an-us-ar
=070  0\$a280.31$bAr4
=072  \0$aE710
=072  \0$aE700
=072  \0$aQ300
=049  \\$aAGLL
=100  1\$aHodson, E. A.$q(Edgar Allan),$d1889-
=245  10$aGrading, packing and shipping /$ccompiled by Edgar A. Hodson and Keith L. Holloway.
=260  \\$a[Fayetteville, Ark.] :$b[University of Arkansas, Extension Service],$c1924.
=300  \\$a[98] leaves :$billustrations ;$c28 cm
=336  \\$atext$btxt$2rdacontent
=337  \\$aunmediated$bn$2rdamedia
=338  \\$avolume$bnc$2rdacarrier
=650  \0$aFarm produce$zArkansas.
=650  \0$aShipping$zArkansas.
=650  \0$aFarm produce$xPacking$zArkansas.
=650  \0$aFarm produce$xGrading$zArkansas.
=650  \7$aFarm produce.$2fast$0(OCoLC)fst00921161
=650  \7$aFarm produce$xGrading.$2fast$0(OCoLC)fst00921173
=650  \7$aShipping.$2fast$0(OCoLC)fst01116352
=650  \3$afood packaging$9auto-assigned by category code
=650  \3$amarketing$9auto-assigned by category code
=650  \3$adistribution (economics)$9auto-assigned by category code
=650  \3$aagribusiness$9auto-assigned by category code
=650  \3$aproduct quality$9auto-assigned by category code
=650  \3$aagricultural economics$9auto-assigned by category code
=700  1\$aHolloway, Keith L.
=710  2\$aUniversity of Arkansas (Fayetteville campus).$bAgricultural Extension Service.
=930  \\$a20220920$b00000000$c00000000
=946  \\$aOther US
=959  \\$a$c2022/09/19$ecmartinez$gupgrade

