=LDR  01652cam a2200445Ia 4500
=001  706849
=005  20220526083521.0
=008  950315r1935uuuutnua\\\\\\\\\f000\0\eng\\
=010  \\$a   35026519 
=035  \\$a706849
=035  \\$a(OCoLC)ocm45482226
=040  \\$aDLC$beng$cZCU$dOCLCQ$dAGL$dWAU$dOCLCF$dOCLCQ$dGPO$dIQU$dOCLCQ$dOCLCO
=016  7\$aCAT10930799$2DNAL
=070  0\$a173.2$bT25Tva
=072  \0$aP130
=072  \0$aP130
=086  0\$aY 3.T 25:2 El 2/935
=049  \\$aAGLL
=110  2\$aTennessee Valley Authority.
=245  10$aTVA electricity rates :$ba statement of facts.
=246  16$aStatement of facts concerning the TVA electricity rates
=260  \\$a[Knoxville, Tenn.?] :$b[Information Division, Tennessee Valley Authority?],$c[1935?]
=300  \\$a7, [1] pages ;$c22 cm
=336  \\$atext$btxt$2rdacontent
=337  \\$aunmediated$bn$2rdamedia
=338  \\$avolume$bnc$2rdacarrier
=500  \\$a"Reprinted from the Congressional record."--Page 3.
=500  \\$aCover title.
=500  \\$a[From Congressional record, v. 79, no. 101, May 15, 1935].
=500  \\$aDistribution made by issuing office.
=610  20$aTennessee Valley Authority.
=650  \0$aElectric utilities$xRates.
=610  27$aTennessee Valley Authority.$2fast$0(OCoLC)fst00549792
=650  \7$aElectric utilities$xRates.$2fast$0(OCoLC)fst00906079
=650  \3$anatural resources$9auto-assigned by category code
=650  \3$afuels$9auto-assigned by category code
=650  \3$aenergy resources$9auto-assigned by category code
=930  \\$a20220526$b00000000$c00000000
=946  \\$aOther US
=959  \\$a$c2022/05/25$ecmartinez$gupgrade

