=LDR  01808cam a22003977  4500
=001  698295
=005  20220929180103.0
=008  950313s1935\\\\dcu\\\\\\\\\\\000\0\eng\d
=035  \\$a(OCoLC)ocm21254648
=035  \\$a698295
=040  \\$aFRG$beng$cFRG$dAGL$dOCLCQ$dOCLCO$dOCLCA$dOCLCQ$dAGL
=016  7\$aCAT10908756$2DNAL
=043  \\$an-us---
=070  0\$a284$bUn35In
=072  \0$aE100
=072  \0$aD500
=049  \\$aAGLL
=110  1\$aUnited States.$bCongress.$bHouse.$bCommittee on Banking and Currency.
=245  10$aIntermediate credit corporation :$bhearings before the Committee on Banking and Currency, House of Representatives, Seventy-fourth Congress, first session, on H.R. 5918, a bill to provide for the creation of an intermediate credit corporation for commerce and industry, to aid in financing small and medium sized commercial and industrial establishments, and for other purposes. May 27, 28, 29, June 3, 4, 5, and 6, 1935.
=260  \\$aWashington :$bU.S. Government Printing Office,$c1935.
=300  \\$a146 pages ;$c24 cm
=336  \\$atext$btxt$2rdacontent
=337  \\$aunmediated$bn$2rdamedia
=338  \\$avolume$bnc$2rdacarrier
=500  \\$aPart 2, Hearings ... on H.R. 5918 (H.R. 9090). July 30, 31, August 1, 1935.
=650  \0$aCredit$zUnited States.
=650  \0$aBanks and banking$zUnited States.
=650  \0$aIndustrial policy$zUnited States.
=650  \7$aCredit.$2fast$0(OCoLC)fst00882525
=650  \7$aIndustrial policy.$2fast$0(OCoLC)fst00971433
=650  \3$alaws and regulations$9auto-assigned by category code
=650  \3$aagricultural economics$9auto-assigned by category code
=651  \7$aUnited States.$2fast$0(OCoLC)fst01204155 n
=930  \\$a20220929$b00000000$c00000000
=946  \\$aOther US
=959  \\$a$c2022/09/29$ecmartinez$gupgrade

