=LDR  01589cam a2200445 i 4500
=001  702830
=005  20220407083510.0
=008  950314s1891\\\\xx\\\\\\\\\\\l000\0\eng\d
=035  \\$a(OCoLC)on1288977886
=035  \\$a702830
=040  \\$aAGL$beng$cAGL$dAGL
=016  7\$aCAT10939433$2DNAL
=070  0\$a287$bN488B 13th ed.
=072  \0$aE700
=072  \0$aS200
=049  \\$aAGLL
=110  2\$aNew York Cotton Exchange.
=245  10$aCharter, by-laws and rules of the New York Cotton Exchange, 1891.
=250  \\$a13th edition
=264  \1$aNew York :$bStyles & Cash,$c1891.
=300  \\$a132 pages.
=336  \\$atext$btxt$2rdacontent
=337  \\$aunmediated$bn$2rdamedia
=338  \\$avolume$bnc$2rdacarrier
=610  20$aNew York Cotton Exchange$vBy-laws.
=610  27$aNew York Cotton Exchange$2fast$0(OCoLC)fst00613186
=650  \0$aCotton trade$zUnited States.
=650  \7$aCotton trade.$2fast$0(OCoLC)fst00881080
=650  \7$aSpeculation.$2fast$0(OCoLC)fst01129139
=650  \3$anonfood plant products$9auto-assigned by category code
=650  \3$amarketing$9auto-assigned by category code
=650  \3$adistribution (economics)$9auto-assigned by category code
=650  \3$aagricultural economics$9auto-assigned by category code
=650  \3$aagribusiness$9auto-assigned by category code
=651  \7$aUnited States.$2fast$0(OCoLC)fst01204155
=710  2\$aNew York Cotton Exchange Clearing Association, Inc.
=740  0\$aCotton Futures Act.
=930  \\$a20220407$b00000000$c00000000
=946  \\$aOther US
=959  \\$a$c2022/04/06$ecmartinez$gupgrade

