=LDR  01129cam a2200289Mi 4500
=001  693140
=005  20220410180011.0
=008  950310s1930\\\\xx\\\\\\\\\\\\000\0\ger\d
=035  \\$a(OCoLC)on1288999952
=035  \\$a693140
=040  \\$aAGL$beng$cAGL$dAGL
=016  7\$aCAT10971800$2DNAL
=024  8\$abaz313901
=070  0\$a281.179$bR13
=072  \0$aA000
=072  \0$aE100
=049  \\$aAGLL
=100  1\$aRaitzyne, Josef.$d1900-$4aut
=242  00$aThe agriculture of Siberia: location issues and development of Siberian agriculture, with special reference to the Sibkrai (Siberian district).$yeng
=245  10$aDie Landwirtschaft Sibiriens: Standortsfragen und Entwicklung der sibirischen Landwirtschaft, unter besonderer Berücksichtigung des Sibkrai (sibirischer Kreis)$cJosef Raitzyne.
=264  \1$aHeilbronn a. N.$bBrok & Feierabend, Kunstdruckerei [Dr.]$c1930
=300  \\$a95 pages
=650  \3$aagricultural economics$9auto-assigned by category code
=650  \3$aagriculture$9auto-assigned by category code
=930  \\$a20220410$b00000000$c00000000
=946  \\$aNon-US
=959  \\$a$c2022/04/10$ecmartinez$gupgrade


