=LDR  02051cam a2200457M  4500
=001  707406
=005  20220620180004.0
=008  950316s1870\\\\nyu\\\\\\d\\\\000\0\eng\d
=016  7\$aCAT10931650$2DNAL
=035  \\$a(OCoLC)ocm64022669
=035  \\$a707406
=040  \\$aCOO$beng$cCOO$dOCLCG$dOCLCF$dOCLCO$dOCLCQ$dOCLCO$dAGL
=041  0\$aeng$agrc
=049  \\$aAGLL
=070  0\$a206.5$bY8E
=072  \0$aX000
=100  1\$aYonge, Charles Duke,$d1812-1891.
=245  13$aAn English-Greek lexicon, ǂb with many new articles, an appendix of proper names, and Pillon's Greek synonyms (From the French Alex. Pillion. Edited by Rev. T.K. Arnold). [To which is prefixed an essay on the order of words in Attic Greek prose, by Charles Short.] / ǂc Edited by Henry Drisler.
=250  \\$a[2d ed.].
=264  \1$aNew York :$bHarper and Brothers, Publishers, Franklin Square$c1870.
=300  \\$acxv, 663, cxv pages ;$c26 cm
=336  \\$atext$btxt$2rdacontent
=337  \\$aunmediated$bn$2rdamedia
=338  \\$avolume$bnc$2rdacarrier
=504  \\$aIncludes bibliographies and index.
=650  \0$aGreek language$vDictionaries$xEnglish.
=650  \0$aEnglish language$vDictionaries$xGreek.
=650  \7$aEnglish language.$2fast$0(OCoLC)fst00910920
=650  \7$aGreek language.$2fast$0(OCoLC)fst00947178
=650  \3$ainformation sources$9auto-assigned by category code
=655  \7$aDictionaries.$2fast$0(OCoLC)fst01423826
=655  \7$aMultilingual dictionaries.$2lcgft
=700  1\$aArnold, Thomas Kerchever,$d1800-1853.
=700  1\$aDrisler, Henry,$d1818-1897.
=700  1\$aPillon, Al.$q(Alexandre),$d1792-
=700  1\$aShort, Charles,$d1821-1886.
=776  08$iOnline version:$aYonge, Charles Duke, 1812-1891.$tEnglish-Greek lexicon.$b[2d ed.].$dNew York, Harper [1870]$w(OCoLC)807143691
=856  41$3HathiTrust Digital Library, Full view$uhttp://catalog.hathitrust.org/api/volumes/oclc/64022669.html
=930  \\$a20220620$b00000000$c00000000
=946  \\$aOther US
=959  \\$a$c2022/06/20$ecmartinez$gupgrade

