=LDR  02469cam a22004811a 4500
=001  703047
=005  20220909180029.0
=008  950314s1932\\\\mouab\\\\\\\\\000\0\eng\d
=010  \\$aca 32000765 
=035  \\$a(OCoLC)ocm71084977
=035  \\$a703047
=040  \\$aAGL$beng$cAGL$dIAK$dOCLCA$dOCLCF$dOCLCO$dOCLCQ$dOCLCO$dAGL
=016  7\$aCAT10939689$2DNAL
=043  \\$an-us---
=070  0\$a289.22$bSa2
=072  \0$aE700
=049  \\$aAGLL
=110  2\$aSt. Louis Southwestern Railway Company.
=245  10$aSouthwestern traffic manual :$bCotton belt route /$cissued by Traffic Department.
=260  \\$aSt. Louis, Mo. :$bTraffic Dept., St. Louis Southwestern Railway Lines,$c©1932.
=300  \\$a481, [1] pages :$billustrations, folded maps ;$c27 cm
=336  \\$atext$btxt$2rdacontent
=337  \\$aunmediated$bn$2rdamedia
=338  \\$avolume$bnc$2rdacarrier
=500  \\$aBlank page for "Memoranda" at end.
=500  \\$aOne folded map titled Southwestern territory served by Cotton Belt and connecting lines mounted on lining-paper.
=500  \\$a"Supplement to Abstract of western classification" ([48] p.) inserted.
=505  0\$aTable of railroad freight distances -- Emergency charges -- ex parte 103 -- Class rate scales -- Southwestern rates and service origin points -- Southwestern rates and service destination points -- Abstract of western classification -- Interstate Commerce Commission -- Regional advisory boards -- Carrier traffic associations -- American Railway Association -- Roster traffic executives class I R R -- Roster traffic clubs -- Roster Cotton Belt officers -- Roster Cotton Belt commercial agents.
=650  \0$aShippers' guides$zUnited States.
=650  \0$aRailroads$xFreight$zUnited States.
=650  \0$aRailroads$xFreight$xRates$zUnited States.
=650  \7$aRailroads$xFreight.$2fast$0(OCoLC)fst01088972
=650  \7$aRailroads$xFreight$xRates.$2fast$0(OCoLC)fst01088982
=650  \7$aShippers' guides.$2fast$0(OCoLC)fst01116351
=650  \3$amarketing$9auto-assigned by category code
=650  \3$adistribution (economics)$9auto-assigned by category code
=650  \3$aagricultural economics$9auto-assigned by category code
=650  \3$aagribusiness$9auto-assigned by category code
=651  \7$aUnited States.$2fast$0(OCoLC)fst01204155
=930  \\$a20220909$b00000000$c00000000
=946  \\$aOther US
=959  \\$a$c2022/09/09$ecmartinez$gupgrade
=959  \\$a$c2022/08/26$ecmartinez$gupgrade


