=LDR  01903cam a22005777a 4500
=001  692774
=005  20220825083507.0
=008  950310m19399999it\\\\\\\\\\\\000\0\fre\d
=035  \\$a(OCoLC)ocm40576602
=035  \\$a692774
=040  \\$aIL#$beng$cIL#$dAGL$dOCLCQ$dOCLCO$dWURST$dOCLCQ$dAGL
=016  7\$aCAT10970287$2DNAL
=029  1\$aNLGGC$b194701670
=070  0\$a281.359$bIn822Ws
=072  \0$aE130
=072  \0$aQ004
=049  \\$aAGLL
=242  14$aThe World Wheat Situation in 1938/39.$yeng
=245  03$aLa Situation mondiale du blé en 1938/39-.
=260  \\$aRome :$bColombo,$c1939.
=300  \\$avolumes
=336  \\$atext$btxt$2rdacontent
=337  \\$aunmediated$bn$2rdamedia
=338  \\$avolume$bnc$2rdacarrier
=650  \0$aWheat trade$xFood supply.
=650  \0$aWheat$xCommerce.
=650  \0$aNutritional anthropology.
=650  \7$aFood supply.$2fast$0(OCoLC)fst00931196
=650  \7$aNutritional anthropology.$2fast$0(OCoLC)fst01042322
=650  \7$aWheat trade.$2fast$0(OCoLC)fst01174458
=650  \3$aplant-based foods$9auto-assigned by category code
=650  \3$afield crops$9auto-assigned by category code
=650  \3$aproduction economics$9auto-assigned by category code
=650  \3$amacroeconomics$9auto-assigned by category code
=650  \3$aagricultural economics$9auto-assigned by category code
=650  \3$agrains
=650  \3$aeconomic outlook and situation
=650  \3$afood crops
=650  \3$astatistics
=653  00$agraansoorten
=653  00$aeconomische situatie
=653  00$avoedselgewassen
=653  00$astatistiek
=653  00$awereld
=653  00$aworld
=653  00$aeconomische productie
=653  00$aeconomic production
=710  2\$aInternational Institute of Agriculture.$bBureau of Statistics.
=930  \\$a20220825$b00000000$c00000000
=946  \\$aNon-US
=959  \\$a$c2022/08/25$ecmartinez$gupgrade


