=LDR  01749cam a22004097a 4500
=001  755751
=005  20220413180014.0
=008  950613s1994\\\\gw\a\\\\\bm\\\000\0\ger\\
=016  7\$aCAT10755751$2DNAL
=035  \\$a755751
=040  \\$aAGL$beng$cAGL$dOCLCQ$dOCLCO$dOCLCF$dOCLCQ$dOCLCO$dAGL
=020  \\$a3930340593
=020  \\$a9783930340590
=035  \\$a(OCoLC)32643403
=049  \\$aAGLL
=070  0\$aDISS$bF1993440
=072  \0$aF833
=100  1\$aHelmke, Christine.
=242  00$aEpidemiological studies on the occurrence of barley yellow virus (BYDV) in permanent and intermediate hosts and their significance for the risk of infection of winter grains in selected locations in Lower Saxony.$yeng
=245  10$aEpidemiologische Untersuchungen zum Auftreten des Gelbverzwergungsvirus (BYDV) in Dauer- und Zwischenwirten und deren Bedeutung für das Infektionsrisiko der Wintergetreidebestände auf ausgewählten Standorten in Niedersachsen /$cvorgelegt von Christine Helmke.
=250  \\$a1. Aufl.
=260  \\$aGöttingen :$bCuvillier,$c1994.
=300  \\$a130 pages :$billustrations ;$c21 cm
=336  \\$atext$btxt$2rdacontent
=337  \\$aunmediated$bn$2rdamedia
=338  \\$avolume$bnc$2rdacarrier
=502  \\$bdoctoral$cGeorg-August-Universität Göttingen$d1993
=504  \\$aIncludes bibliographical references (pages 120-127).
=591  \\$bNAL Reclamation
=650  \3$aplant viruses.
=650  \3$aplant health.
=655  \7$aAcademic theses.$2fast$0(OCoLC)fst01726453
=655  \7$aAcademic theses.$2lcgft$0http://id.loc.gov/authorities/genreForms/gf2014026039
=930  \\$a20220413$b00000000$c00000000
=939  \\$a19950703$b19950711$c00000000
=945  \\$dMAG$e95/05/04$fSES$g95/06/13
=946  \\$aNon-US


