=LDR  01913cam a2200481I  4500
=001  695978
=005  20220411180013.0
=008  950310s1917\\\\ncu\\\\\\\\\\\000\0\eng\\
=010  \\$a   17031862 
=035  \\$a(OCoLC)ocm06811696
=035  \\$a695978
=040  \\$aDLC$beng$cNCS$dOCLCQ$dAGL$dOCLCF$dOCLCQ$dOCLCO$dNCS$dOCLCO$dAGL
=016  7\$aCAT10695978$2DNAL
=029  1\$aAU@$b000027024157
=043  \\$an-us-nc
=070  0\$a281.2$bB721F
=072  \0$aE200
=072  \0$aE700
=072  \0$aE500
=049  \\$aAGLL
=100  1\$aBranson, Eugene Cuningham,$d1861-1933.
=245  10$aFarm prosperity and the local market problem in Mecklenburg :$baddress /$cby E.C. Branson ... at Hanna hall under the auspices Y.M.C.A., and Mecklenburg alumni of U.N.C.
=264  \1$aCharlotte, N.C. :$bUnion national bank,$c[1917?]
=300  \\$a[19] pages ;$c16 cm
=336  \\$atext$btxt$2rdacontent
=337  \\$aunmediated$bn$2rdamedia
=338  \\$avolume$bnc$2rdacarrier
=650  \0$aAgriculture$zNorth Carolina$zMecklenburg County.
=650  \7$aAgriculture.$2fast$0(OCoLC)fst00801355
=650  \3$arural sociology$9auto-assigned by category code
=650  \3$arural economics$9auto-assigned by category code
=650  \3$amarketing$9auto-assigned by category code
=650  \3$adistribution (economics)$9auto-assigned by category code
=650  \3$aagribusiness$9auto-assigned by category code
=650  \3$amicroeconomics$9auto-assigned by category code
=650  \3$afarm management$9auto-assigned by category code
=650  \3$aagricultural economics$9auto-assigned by category code
=651  \7$aNorth Carolina$zMecklenburg County.$2fast$0(OCoLC)fst01208074
=655  \3$aInternet resource
=856  41$uhttp://digital.ncdcr.gov/cdm/search/searchterm/6811696/field/dmoclcno
=930  \\$a20220411$b00000000$c00000000
=946  \\$aOther US
=959  \\$a$c2022/04/10$ecmartinez$gupgrade

