=LDR  01122cam a2200361Mi 4500
=001  693010
=005  20220319083512.0
=008  950310s1933\\\\gw\\\\\\\m\\\\000\0\eng\\
=035  \\$a(OCoLC)on1289051791
=035  \\$a693010
=040  \\$aAGL$beng$cAGL$dAGL
=016  7\$aCAT10971661$2DNAL
=043  \\$ae-gw---
=070  0\$a281.175$bP47
=072  \0$aE100
=049  \\$aAGLL
=072  \0$aE100
=100  1\$aPfenning, Andreas$eauthor$4aut
=242  04$aThe German national agricultural program and its implementation$yeng
=245  14$aDas Deutschnationale Agrarprogramm und seine Realisierung
=264  \1$aItzehoe :$bFreese,$c1933
=300  \\$a90 pages
=336  \\$atext$btxt$2rdacontent
=337  \\$aunmediated$bn$2rdamedia
=338  \\$avolume$bnc$2rdacarrier
=502  \\$aCologne, Economics and Social Sciences Diss.
=650  \0$aAgriculture$zGermany.
=650  \3$aagricultural economics.
=650  \7$aAgriculture.$2fast$0(OCoLC)fst00801355
=651  \7$aGermany.$2fast$0(OCoLC)fst01210272
=930  \\$a20220319$b00000000$c00000000
=946  \\$aNon-US
=959  \\$a$c2022/03/18$ecmartinez$gupgrade

