=LDR  01609cam a2200397Mi 4500
=001  692907
=005  20220426180012.0
=008  950310s1931\\\\gw\ab\\\\m\\\\000\0\ger\d
=035  \\$a(OCoLC)ocn244952670
=035  \\$a692907
=040  \\$aPAU$beng$cPAU$dOCLCQ$dOCLCO$dOCLCF$dAGL
=016  7\$aCAT10971558$2DNAL
=070  0\$a281.175$bH46
=072  \0$aE100
=049  \\$aAGLL
=100  1\$aHesterberg, Georg,$d1895-
=242  00$aContributions to questions of rural economic advice in Prussia: under special Berüngskreise.$yeng
=245  10$aBeiträge zu Fragen der bäuerlichen Wirtschaftsberatung in Preussen :$bunter besonderer Berüngsbezirke /$cGeorg Hesterberg.
=264  \1$aHohen Neuendorf b. Berlin :$bW. Säuberlich,$c1931.
=300  \\$a95 pages, [5] folded leaves :$billustrations, map ;$c24 cm
=336  \\$atext$btxt$2rdacontent
=337  \\$aunmediated$bn$2rdamedia
=338  \\$avolume$bnc$2rdacarrier
=502  \\$bdoctoral$cAlbertus-Universität Königsberg
=650  \3$aagricultural economics$9auto-assigned by category code
=651  \0$aPrussia (Germany)$xEconomic conditions.
=650  \0$aRural development$xEconomic conditions.
=650  \7$aEconomic conditions.$2fast$0(OCoLC)fst01919582
=650  \7$aEconomic history.$2fast$0(OCoLC)fst00901974
=650  \7$aRural development.$2fast$0(OCoLC)fst01101498
=651  \7$aGermany$zPrussia.$2fast$0(OCoLC)fst01225278
=655  \7$aAcademic theses.$2lcgft
=655  \7$aAcademic theses.$2fast$0(OCoLC)fst01726453
=930  \\$a20220426$b00000000$c00000000
=946  \\$aNon-US
=959  \\$a$c2022/04/26$ecmartinez$gupgrade


