=LDR  02352cam a2200517Mi 4500
=001  689686
=005  20220531180018.0
=008  950308s1933\\\\gw\b\\\\\m\\\\000\0\ger\d
=035  \\$a(OCoLC)ocm23635276
=035  \\$a689686
=040  \\$aEYM$beng$cEYM$dOCLCQ$dAGL$dOCLCQ$dOCLCF$dOCLCQ$dOCLCO$dOCLCQ$dOCLCO$dOCL$dYUS$dAGL
=016  7\$aCAT10942134$2DNAL
=019  \\$a1130251631
=029  1\$aNLGGC$b238038688
=043  \\$ae-fi---
=070  0\$a280.3$bR72
=049  \\$aAGLL
=072  \0$aE700
=100  1\$aRosenberger, Franz,$d1908-
=242  00$aTransport and economic geographic studies on Finland.$yeng
=245  10$aVerkehrs- und wirtschaftsgeographische studien über Finnland /$cFranz Rosenberger.
=260  \\$aOhlau i. Schl. :$bDr. H. Eschenhagen kg.,$c1933.
=300  \\$axii, 53 pages, 1 leaf :$bfolded maps, tables ;$c22 1/2 x 20 cm
=336  \\$atext$btxt$2rdacontent
=337  \\$aunmediated$bn$2rdamedia
=338  \\$avolume$bnc$2rdacarrier
=500  \\$aLebenslauf.
=500  \\$aAt head of title: Geographie.
=502  \\$aInaug.-diss.--Greifswald.
=504  \\$a"Literaturverzeichnis": pages ix-xii.
=583  1\$acommitted to retain$c20170930$d20421231$fHathiTrust$5CtY$zTo help ensure preservation of print and digital collections, this title is retained by Yale University Library on behalf of the HathiTrust Shared Print Program.
=650  \3$amarketing$9auto-assigned by category code
=650  \3$adistribution (economics)$9auto-assigned by category code
=650  \3$aagricultural economics$9auto-assigned by category code
=650  \3$aagribusiness$9auto-assigned by category code
=651  \0$aFinland$xEconomic conditions$y1918-
=650  \7$aEconomic history.$2fast$0(OCoLC)fst00901974
=651  \7$aFinland.$2fast$0(OCoLC)fst01205503
=648  \7$aSince 1918$2fast
=655  \7$aAcademic theses.$2fast$0(OCoLC)fst01726453
=655  \7$aAcademic theses.$2lcgft
=776  08$iOnline version:$aRosenberger, Franz, 1908-$tVerkehrs- und wirtschaftsgeographische studien über Finnland .$dOhlau i. Schl., Dr. H. Eschenhagen kg., 1933$w(OCoLC)608381117
=856  41$3HathiTrust Digital Library, Limited view (search only)$uhttp://catalog.hathitrust.org/api/volumes/oclc/23635276.html
=930  \\$a20220531$b00000000$c00000000
=946  \\$aNon-US
=959  \\$a$c2022/05/29$ecmartinez$gupgrade


