=LDR  01053cam a2200313Mi 4500
=001  696290
=005  20220512142649.0
=008  950311s1930\\\\xx\\\\\\\\\\\\000\0\ger\d
=035  \\$a(OCoLC)on1289083903
=035  \\$a696290
=040  \\$aAGL$beng$cAGL$dAGL
=016  7\$aCAT10972110$2DNAL
=024  7\$aU 31.8713$2local
=070  0\$a282.2$bL54
=072  \0$aE110
=049  \\$aAGLL
=100  1\$aLent, Walter,$d1903-
=242  04$aThe rural settlement cooperatives, their development and their problems.$yeng
=245  14$aDie ländlichen Siedlungsgenossenschaften, ihre Entwicklung und ihre Probleme /$cWalter Lent.
=260  \\$c1930.
=264  \1$aOranienburg-Eden :$bBeck,$c1930.
=300  \\$a88 pages
=650  \3$amacroeconomics$9auto-assigned by category code
=650  \3$aland use$9auto-assigned by category code
=650  \3$aland management$9auto-assigned by category code
=650  \3$aeconomics$9auto-assigned by category code
=930  \\$a20220512$b00000000$c00000000
=946  \\$aNon-US
=959  \\$a$c2022/04/06$ecmartinez$gupgrade


