=LDR  01307cam a2200361Mi 4500
=001  692860
=005  20220608083513.0
=008  950310m19321933gw\ab\\\\\\\\\000\0\ger\d
=035  \\$a(OCoLC)on1289125727
=035  \\$a692860
=040  \\$aAGL$beng$cAGL$dAGL
=016  7\$aCAT10971514$2DNAL
=043  \\$ae-gx---
=070  0\$a281.175$bF18
=072  \0$aE100
=049  \\$aAGLL
=242  04$aThe situation of agriculture in the Free State of Saxony /$creimbursed by Friedrich Falke ... [et al.].$yeng
=245  04$aDie Lage der Landwirtschaft im Freistaat Sachsen /$cerstattet von Friedrich Falke ... [et al.].
=264  \1$aDresden :$bSteinkopff,$c1932-1936.
=300  \\$a3 pages :$billustrations, maps ;$c25 cm
=336  \\$atext$btxt$2rdacontent
=337  \\$aunmediated$bn$2rdamedia
=338  \\$avolume$bnc$2rdacarrier
=650  \0$aAgriculture$zGermany$zSaxony.
=650  \3$aagricultural economics$9auto-assigned by category code
=651  \0$aSaxony (Germany)$xAgriculture$xHistory.
=650  \7$aAgriculture.$2fast$0(OCoLC)fst00801355
=651  \7$aGermany$zSaxony.$2fast$0(OCoLC)fst01233658
=655  \7$aHistory.$2fast$0(OCoLC)fst01411628
=700  1\$aFalke, Friedrich,$d1871-
=930  \\$a20220608$b00000000$c00000000
=946  \\$aNon-US
=959  \\$a$c2022/06/08$ecmartinez$gupgrade

