=LDR  01952cam a2200505Ia 4500
=001  698166
=005  20220723083508.0
=008  950313s1933\\\\nyu\\\\\\\\\\\000\0\eng\d
=035  \\$a(OCoLC)ocm40353263
=035  \\$a698166
=040  \\$aPUL$beng$cPUL$dOCLCQ$dAGL$dGZM$dOCLCF$dOCLCO$dOCL$dOCLCQ$dOCLCO$dAGL
=016  7\$aCAT10908589$2DNAL
=043  \\$an-us---
=070  0\$a284$bC73F
=072  \0$aE700
=072  \0$aE720
=049  \\$aAGLL
=110  2\$aCommittee for the Nation.
=245  10$aFive next steps in the program of the Committee for the Nation to Rebuild Prices and Purchasing Power /$cCommittee for the Nation.
=260  \\$aNew York :$bCommittee for the Nation to Rebuild Prices and Purchasing Power,$c[1933]
=300  \\$a8 unnumbered pages ;$c28 cm
=336  \\$atext$btxt$2rdacontent
=337  \\$aunmediated$bn$2rdamedia
=338  \\$avolume$bnc$2rdacarrier
=590  \\$aAlso in Assoc. file AE.
=650  \0$aPrices$zUnited States.
=650  \0$aPurchasing power$zUnited States.
=650  \0$aCurrency question$zUnited States.
=650  \0$aDollar.
=650  \3$aconsumer economics$9auto-assigned by category code
=650  \3$amarketing$9auto-assigned by category code
=650  \3$adistribution (economics)$9auto-assigned by category code
=650  \3$aagricultural economics$9auto-assigned by category code
=650  \3$aagribusiness$9auto-assigned by category code
=651  \0$aUnited States$xEconomic conditions$y1918-1945.
=650  \7$aCurrency question.$2fast$0(OCoLC)fst00885329
=650  \7$aDollar.$2fast$0(OCoLC)fst00896433
=650  \7$aEconomic history.$2fast$0(OCoLC)fst00901974
=650  \7$aPrices.$2fast$0(OCoLC)fst01076207
=650  \7$aPurchasing power.$2fast$0(OCoLC)fst01084291
=651  \7$aUnited States.$2fast$0(OCoLC)fst01204155
=648  \7$a1918-1945$2fast
=930  \\$a20220723$b00000000$c00000000
=946  \\$aOther US
=959  \\$a$c2022/07/22$ecmartinez$gupgrade

