=LDR  02302ctm a22005777a 4500
=001  686060
=005  20220820180004.0
=008  950213s1927\\\\xx\\\\\\\m\\\\000\0\ger\d
=035  \\$a(OCoLC)ocm70925588
=035  \\$a686060
=040  \\$aCRL$beng$cCRL$dAGL$dOCLCQ$dOCLCF$dOCLCO$dOCLCQ$dOCLCO$dAGL
=016  7\$aCAT10920571$2DNAL
=029  1\$aDEBBG$bBV013784480
=029  1\$aGEBAY$b8228393
=043  \\$ae-gx---
=070  0\$a66$bH68
=072  \0$aF120
=072  \0$aQ104
=049  \\$aAGLL
=100  1\$aHohn, Richard.
=242  14$aThe development of German sugar beet cultivation and the German sugar industry after the war.$yeng
=245  14$aDie Entwicklung des deutschen Zuckerrübenbaues und der deutschen Zuckerindustrie nach dem Kriege /$cRichard Hohn.
=264  \1$aKempen - Rhein :$bRheinische Druckerei,$c1927.
=300  \\$a76 pages ;$c22 cm
=336  \\$atext$btxt$2rdacontent
=337  \\$aunmediated$bn$2rdamedia
=338  \\$avolume$bnc$2rdacarrier
=490  1\$aAus dem Institut für Volkswirtschaftslehre an der Landwirtschaftlichen Hochschule Bonn-Poppelsdorf
=502  \\$bdoctoral$cHochschule Bonn-Poppelsdorf$d1927
=650  \0$aSugar beet$xEconomic aspects$zGermany.
=650  \0$aSugar beet industry$zGermany.
=650  \3$afood processing.
=650  \3$aplant cultural practices.
=650  \3$afield crops.
=650  \3$acrop production.
=650  \3$aagronomy.
=650  \7$aSugar beet$xEconomic aspects.$2fast$0(OCoLC)fst01137333
=650  \7$aSugar beet industry.$2fast$0(OCoLC)fst01137361
=651  \7$aGermany.$2fast$0(OCoLC)fst01210272
=655  \7$amasters theses.$2aat$0(CStmoGRI)aatgf300077723
=655  \7$atheses.$2aat$0(CStmoGRI)aatgf300028028
=655  \7$adoctoral dissertations.$2aat$0(CStmoGRI)aatgf300312076
=655  \7$adissertations.$2aat$0(CStmoGRI)aatgf300028029
=655  \7$aAcademic theses.$2fast$0(OCoLC)fst01726453
=655  \7$aAcademic theses.$2lcgft
=655  \7$aThèses et écrits académiques.$2rvmgf$0(CaQQLa)RVMGF-000001173
=830  \0$aAus dem Institut für Volkswirtschaftslehre an der Landwirtschaftlichen Hochschule Bonn-Poppelsdorf.
=930  \\$a20220820$b00000000$c00000000
=946  \\$aNon-US
=959  \\$a$c2022/08/20$ecmartinez$gupgrade
=959  \\$a$c2022/08/12$ecmartinez$gupgrade


