=LDR  01537cam a22003977i 4500
=001  698597
=005  20220929180103.0
=008  950313s1932\\\\dcu\\\\\\\\\\f000\0\eng\d
=035  \\$a(OCoLC)ocm14139956
=035  \\$a698597
=040  \\$aCUY$beng$cCUY$dOCL$dOCLCQ$dAGL$dUBY$dOCLCQ$dOCLCF$dOCLCQ$dOCLCO$dOCLCQ$dOCLCO$dAGL
=016  7\$aCAT10909258$2DNAL
=043  \\$an-us---
=070  0\$a284.2$bUn324A
=072  \0$aE100
=072  \0$aP100
=072  \0$aD500
=049  \\$aAGLL
=110  1\$aUnited States.$bCongress.$bHouse.$bCommittee on Agriculture.
=245  10$aAgricultural Credit Corporations :$bhearings before the United States House Committee on Agriculture, Seventy-Second Congress, first session, on Feb. 10-12, 1932.
=260  \\$aWashington :$bU.S. Govt. Print. Off.,$c1932.
=300  \\$a28 leaves :$billustrations, map ;$c28 cm
=336  \\$atext$btxt$2rdacontent
=337  \\$aunmediated$bn$2rdamedia
=338  \\$avolume$bnc$2rdacarrier
=500  \\$a"Serial D."
=650  \0$aAgricultural credit$zUnited States.
=650  \7$aAgricultural credit.$2fast$0(OCoLC)fst00800626
=650  \3$alaws and regulations$9auto-assigned by category code
=650  \3$anatural resources$9auto-assigned by category code
=650  \3$aenergy resources$9auto-assigned by category code
=650  \3$aagricultural economics$9auto-assigned by category code
=651  \7$aUnited States.$2fast$0(OCoLC)fst01204155
=930  \\$a20220929$b00000000$c00000000
=946  \\$aOther US
=959  \\$a$c2022/09/29$ecmartinez$gupgrade

