=LDR  01590cam a2200433Mi 4500
=001  697058
=005  20220525083518.0
=008  950313s1919\\\\onc\\\\\\\\\\\000\0\eng\d
=035  \\$a(OCoLC)ocm39023446
=035  \\$a697058
=040  \\$aNYP$beng$cNYP$dB2Q$dOCLCQ$dAGL$dTOH$dLTSCA$dOCLCF$dOCLCQ$dOCLCO
=016  7\$aCAT10907438$2DNAL
=043  \\$an-cn---
=070  0\$a282$bC162 Ed.2
=072  \0$aE500
=072  \0$aE100
=049  \\$aAGLL
=245  00$aHandbook giving information regarding land settlement, agricultural training and loans for returned soldiers.
=260  \\$aOttawa :$bJ. de Labroquerie Taché,$c1919.
=300  \\$a20 pages ;$c21 cm
=336  \\$atext$btxt$2rdacontent
=337  \\$aunmediated$bn$2rdamedia
=338  \\$avolume$bnc$2rdacarrier
=500  \\$aCover title.
=590  \\$aSupplement. 1919. (4 p. ; 21 x 9 cm.).
=650  \0$aVeterans$xEmployment$zCanada.
=650  \0$aAgricultural colonies$zCanada.
=650  \0$aAgricultural education$zCanada.
=650  \7$aAgricultural colonies.$2fast$0(OCoLC)fst00800583
=650  \7$aAgricultural education.$2fast$0(OCoLC)fst00800702
=650  \7$aVeterans$xEmployment.$2fast$0(OCoLC)fst01165731
=650  \3$aagricultural economics$9auto-assigned by category code
=650  \3$arural sociology$9auto-assigned by category code
=650  \3$arural economics$9auto-assigned by category code
=651  \7$aCanada.$2fast$0(OCoLC)fst01204310
=710  1\$aCanada.$bSoldier Settlement Board.
=930  \\$a20220525$b00000000$c00000000
=946  \\$aNon-US
=959  \\$a$c2022/05/24$ecmartinez$gupgrade


