=LDR  01126cam a2200373Ia 4500
=001  691253
=005  20220406180018.0
=008  950309s1934\\\\nyu\\\\\\\\\\s001\0\eng\d
=035  \\$a(OCoLC)ocm05842691
=035  \\$a691253
=040  \\$aVXF$beng$cVXF$dOCLCQ$dAGL$dOCLCQ$dOCLCF$dOCLCQ$dOCLCO$dOCLCA$dAGL
=016  7\$aCAT10904394$2DNAL
=043  \\$an-us-ny
=070  0\$a280.7$bN4833
=072  \0$aX700
=049  \\$aAGLL
=072  \0$aX700
=110  2\$aNew York State Planning Board.$bCommittee on Recreation.
=245  00$a[Report.]
=260  \\$a[Albany?$c1934?]
=300  \\$a100 leaves$c28 cm
=336  \\$atext$btxt$2rdacontent
=337  \\$aunmediated$bn$2rdamedia
=338  \\$avolume$bnc$2rdacarrier
=650  \0$aRecreation$zNew York (State)
=650  \0$aParks$zNew York (State)
=650  \3$amarket analysis.
=650  \3$aeconomics.
=650  \7$aParks.$2fast$0(OCoLC)fst01053705
=650  \7$aRecreation.$2fast$0(OCoLC)fst01091713
=651  \7$aNew York (State)$2fast$0(OCoLC)fst01210280
=930  \\$a20220406$b00000000$c00000000
=946  \\$aOther US
=959  \\$a$c2022/03/31$ecmartinez$gupgrade

