=LDR  01498cam a2200433 i 4500
=001  691068
=005  20220512142648.0
=008  950309s1935\\\\iauad\\\\\\\\\000\0\eng\d
=035  \\$a691068
=035  \\$a(OCoLC)ocm42468760
=040  \\$aNYP$beng$cNYP$dOCLCQ$dIOZ$dOCLCF$dOCLCQ$dOCLCO$dAGL
=016  7\$aCAT10904208$2DNAL
=043  \\$an-us-ia$an-us---
=070  0\$a280.7$bIo90c
=072  \0$aE200
=049  \\$aAGLL
=100  1\$aSinn, Eugene,$eauthor.
=245  10$aOccupation of gainful workers, Iowa, 1900-1930 /$cEugene Sinn and Willis Rauscher.
=264  \1$a[Des Moines, Iowa?] :$bIowa State Planning Board,$c1935.
=300  \\$a37, xvii f. :$bcharts, tables ;$c28 cm
=336  \\$atext$btxt$2rdacontent
=337  \\$aunmediated$bn$2rdamedia
=338  \\$avolume$bnc$2rdacarrier
=500  \\$aCover title.
=500  \\$aAt head of title: Iowa State Planning Board.
=500  \\$aReproduced from typewritten copy.
=610  10$aIowa.$bState Planning Board.
=650  \0$aOccupations$zUnited States.
=650  \3$amicroeconomics.
=650  \3$afarm management.
=650  \3$aagricultural economics.
=610  17$aIowa.$bState Planning Board.$2fast$0(OCoLC)fst01914419
=650  \7$aOccupations.$2fast$0(OCoLC)fst01043384
=651  \7$aUnited States.$2fast$0(OCoLC)fst01204155
=700  1\$aRauscher, Willis,$eauthor.
=710  1\$aIowa.$bState Planning Board.
=930  \\$a20220512$b00000000$c00000000
=946  \\$aOther US
=959  \\$a$c2022/05/12$ecmartinez$gupgrade

