=LDR  01151cam a22003377i 4500
=001  703861
=005  20220520180015.0
=008  950315s1929\\\\sz\\\\\\\m\\\\000\0\ger\d
=035  \\$a703861
=035  \\$a(OCoLC)ocm44489375
=040  \\$aYUS$beng$cYUS$dAGL$dGBVCP$dOCLCQ$dOCLCO$dOCLCF$dOCLCQ$dOCLCO$dAGL
=016  7\$aCAT10972510$2DNAL
=029  1\$aGBVCP$b132416530
=070  0\$a290$bB862
=072  \0$aX600
=049  \\$aAGLL
=100  1\$aBühler-Wegener, Hans,$d1899-
=242  00$aOn the behavior of the bridge in Lecher's parallel wire system.$yeng
=245  10$aUeber das Verhalten der Brücke am Lecherschen Paralleldraht-System /$cHans Bühler-Wegener.
=264  \1$aZürich,$c1929.
=300  \\$a51, [2] p.
=336  \\$atext$btxt$2rdacontent
=337  \\$aunmediated$bn$2rdamedia
=338  \\$avolume$bnc$2rdacarrier
=502  \\$aDiss.--Karlsruhe (Technische Hochschule).
=650  \3$atechnology$9auto-assigned by category code
=655  \7$aAcademic theses.$2fast$0(OCoLC)fst01726453
=655  \7$aAcademic theses.$2lcgft
=930  \\$a20220520$b00000000$c00000000
=946  \\$aNon-US
=959  \\$a$c2022/04/23$ecmartinez$gupgrade


