=LDR  01750cam a2200397Mi 4500
=001  692150
=005  20220407083511.0
=008  950310s1933\\\\xx\\\\\\\\\\\s000\0\eng\d
=035  \\$a(OCoLC)ocm71078169
=035  \\$a692150
=040  \\$aAGL$beng$cAGL$dOCLCQ$dOCLCO$dOCLCA$dAGL
=016  7\$aCAT10906707$2DNAL
=070  0\$a281.344$bP38R
=072  \0$aT120
=072  \0$aQ001
=072  \0$aE700
=049  \\$aAGLL
=110  2\$aPennsylvania State College.$bDepartment of Agricultural Economics.
=245  14$aThe reliability of school survey data on milk consumption ; and the relation of a school health program to home purchases of milk from regular dealers :$ba study in connection with the experimental health program of the Akron public schools and the National Dairy Council /$cconducted in the Garfield High School, [by] F.F. Lininger, professor of agricultural economics, the Pennsylvania State College.
=260  \\$c[1933?]
=300  \\$a12 pages
=336  \\$atext$btxt$2rdacontent
=337  \\$aunmediated$bn$2rdamedia
=338  \\$avolume$bnc$2rdacarrier
=650  \0$aMilk consumption$zPennsylvania.
=650  \3$amarketing$9auto-assigned by category code
=650  \3$adistribution (economics)$9auto-assigned by category code
=650  \3$aagricultural economics$9auto-assigned by category code
=650  \3$aagribusiness$9auto-assigned by category code
=650  \3$adairy products$9auto-assigned by category code
=650  \3$aanimal-based foods$9auto-assigned by category code
=650  \3$afood service management$9auto-assigned by category code
=650  \3$afood service$9auto-assigned by category code
=930  \\$a20220407$b00000000$c00000000
=946  \\$aOther US
=959  \\$a$c2022/04/06$ecmartinez$gupgrade

