=LDR  01655cam a2200493Mi 4500
=001  701115
=005  20220705180009.0
=008  950314s1933\\\\ne\\\\\\\\\\\\000\0\eng\d
=035  \\$a(OCoLC)ocm65784600
=035  \\$a701115
=040  \\$aNLGGC$beng$efobidrtb$cNLGGC$dAGL$dOCLCQ$dAGL
=016  7\$aCAT10909813$2DNAL
=029  0\$aNLGGC$b084549882
=041  \\$adut$aeng
=043  \\$ae-ne---
=070  0\$a284.359$bW15
=072  \0$aQ004
=072  \0$aE700
=072  \0$aQ004
=072  \0$aE700
=084  \\$a83.11$2bcl
=084  \\$a48.50$2bcl
=084  \\$a83.33$2bcl
=049  \\$aAGLL
=100  1\$aWaller, F. G.
=245  14$aThe significance of the prices of cereals from the standpoint of the origin and continuance of the depression /$cF.G. Waller.
=264  \1$aDelft, Holland,$c1933.
=300  \\$a39 pages:$btables ;$c23 cm
=500  \\$aTranslated from Dutch.
=650  \0$aGrain trade.
=650  \0$aDepressions$y1929$xCommerce$zNetherlands.
=650  \7$aDepressions.$2fast$0(OCoLC)fst00890969
=650  \7$aGrain trade.$2fast$0(OCoLC)fst00946068
=650  \3$amarketing$9auto-assigned by category code
=650  \3$adistribution (economics)$9auto-assigned by category code
=650  \3$aagricultural economics$9auto-assigned by category code
=650  \3$aagribusiness$9auto-assigned by category code
=650  \3$aplant-based foods$9auto-assigned by category code
=650  \3$afield crops$9auto-assigned by category code
=651  \7$aNetherlands.$2fast$0(OCoLC)fst01204034
=648  \7$a1929$2fast
=930  \\$a20220705$b00000000$c00000000
=946  \\$aNon-US
=959  \\$a$c2022/07/05$ecmartinez$gupgrade

