=LDR  02091ctm a22005417a 4500
=001  701783
=005  20220804180014.0
=008  950314s1932\\\\xx\\\\\\\m\\\\000\0\ger\d
=035  \\$a(OCoLC)ocm50555703
=035  \\$a701783
=040  \\$aCRL$beng$cCRL$dOCLCQ$dAGL$dOCLCQ$dOCLCO$dOCLCF$dOCLCQ$dOCLCO$dAGL
=016  7\$aCAT10972489$2DNAL
=029  1\$aDEBBG$bBV013723281
=070  0\$a286.393$bW63
=072  \0$aE700
=072  \0$aQ005
=049  \\$aAGLL
=100  1\$aWigro, Benno.
=242  00$aWorld trade in pome fruit.$yeng
=245  14$aDer Welthandel mit Kernobst /$cBenno Wigro.
=264  \0$c1932.
=300  \\$a143 pages
=336  \\$atext$btxt$2rdacontent
=337  \\$aunmediated$bn$2rdamedia
=338  \\$avolume$bnc$2rdacarrier
=502  \\$bdoctoral$cLandwirtschaftliche Hochschule Berlin$d1932
=650  \0$aPomegranate industry$xCommerce.
=650  \0$aFruit trade.
=650  \7$aCommerce.$2fast$0(OCoLC)fst00869279
=650  \7$aFruit trade.$2fast$0(OCoLC)fst00935698
=650  \7$aPomegranate industry.$2fast$0(OCoLC)fst01743298
=650  \3$aplant-based foods$9auto-assigned by category code
=650  \3$ahorticultural crops$9auto-assigned by category code
=650  \3$amarketing$9auto-assigned by category code
=650  \3$adistribution (economics)$9auto-assigned by category code
=650  \3$aagricultural economics$9auto-assigned by category code
=650  \3$aagribusiness$9auto-assigned by category code
=655  \7$adoctoral dissertations.$2aat$0(CStmoGRI)aatgf300312076
=655  \7$adissertations.$2aat$0(CStmoGRI)aatgf300028029
=655  \7$atheses.$2aat$0(CStmoGRI)aatgf300028028
=655  \7$amasters theses.$2aat$0(CStmoGRI)aatgf300077723
=655  \7$aAcademic theses.$2fast$0(OCoLC)fst01726453
=655  \7$aAcademic theses.$2lcgft
=655  \7$aThèses et écrits académiques.$2rvmgf$0(CaQQLa)RVMGF-000001173
=776  08$iOnline version:$aWigro, Benno.$tWelthandel mit Kernobst.$d1932$w(OCoLC)908808792
=930  \\$a20220804$b00000000$c00000000
=946  \\$aNon-US
=959  \\$a$c2022/07/30$ecmartinez$gupgrade


