=LDR  01548cam a22003851a 4500
=001  707297
=005  20220601083516.0
=008  950316s1919\\\\pauaf\\\\d\\\\000\0\eng\\
=010  \\$a   19008408 
=016  7\$aCAT10931542$2DNAL
=035  \\$a707297
=035  \\$a(OCoLC)ocm07851512
=040  \\$aDLC$beng$cECO$dDLC$dAGL$dKRTAS$dOCLCF$dOCLCQ$dOCLCO$dWLU$dPAU$dOCLCQ$dOCLCO$dAGL
=016  7\$aCAT10707297$2DNAL
=019  \\$a40549478
=029  1\$aAU@$b000026143134
=070  0\$a200$bW73Co
=072  \0$aX000
=049  \\$aAGLL
=245  04$aThe Winston simplified dictionary :$bincluding all the words in common use defined so that they can be easily understood /$cedited by William D. Lewis and Edgar A. Singer.
=260  \\$aPhiladelphia :$bThe John C. Winston Company,$c©1919.
=300  \\$axxii, 820 pages, color plates :$billustrations ;$c19 cm
=336  \\$atext$btxt$2rdacontent
=337  \\$aunmediated$bn$2rdamedia
=338  \\$avolume$bnc$2rdacarrier
=650  \0$aEnglish language$vDictionaries.
=650  \7$aEnglish language.$2fast$0(OCoLC)fst00910920
=650  \3$ainformation sources$9auto-assigned by category code
=655  \7$aDictionaries.$2fast$0(OCoLC)fst01423826
=700  1\$aLewis, William Dodge,$d1870-1960.
=700  1\$aSinger, Edgar A.$q(Edgar Arthur),$d1873-1955.
=776  08$iOnline version:$tWinston simplified dictionary.$dPhiladelphia : The John C. Winston Company c1919$w(OCoLC)654344282
=930  \\$a20220601$b00000000$c00000000
=946  \\$aOther US
=959  \\$a$c2022/05/31$ecmartinez$gupgrade


